3816 6112
167 210 1795 282 Q„

809 343 893 391 anso
915 347 1152 398 cosrnovsnso.
1391 351 1392 354 ’

469 460 1427 756 enatemus

581 837 832 971 dBBdS
888 843 1359 985 AFRICANUS.

679 1038 1277 1324 romtffiatotr.

798 1384 1141 1458 Ptoleoordltltd.

908 1555 1058 1617 NOTITIA.

563 1662 611 1729 (lix
623 1663 689 1719 libro
699 1664 829 1719 Tritlteutii
840 1669 944 1732 abbatis
956 1673 989 1722 de
1000 1673 1165 1734 scriptoribus
1176 1674 1377 1743 Ecclesiastlcis).

187 1766 343 1840 Eugyppius
356 1769 498 1841 presbyter
511 1775 539 1824 et
551 1769 634 1825 abbas
648 1769 688 1842 (a)
701 1787 708 1825 :
723 1771 750 1826 in
764 1771 910 1840 Scripturis
922 1778 1025 1831 eancds
1038 1777 1169 1846 eruditus,
1184 1790 1211 1837 et
1225 1781 1251 1837 in
1266 1784 1382 1841 lectione
1396 1786 1525 1846 librorum
1534 1815 1536 1818 >
1545 1793 1631 1848 sancti
1645 1794 1787 1867 Augustini

151 1859 320 1928 singulariter
335 1858 467 1915 devotus:
482 1867 563 1930 atquo
577 1859 605 1915 in
619 1859 716 1920 litteris
738 1861 908 1919 saecularium
921 1867 1020 1924 artium
1041 1868 1207 1927 sufficienter
1221 1874 1387 1932 instructus:
1411 1879 1465 1933 vita
1480 1895 1586 1951 ottoque
1600 1895 1628 1940 et
1641 1899 1786 1947 contensa·

150 1953 221 2006 tione
235 1952 393 2008 monasticae
409 1952 584 2008 institutionis
608 1951 771 2023 preclarus:
796 1953 830 2009 ad
854 1968 934 2024 quem
949 1957 1035 2013 saneti
1047 1957 1181 2030 Fulgentii
1197 1962 1345 2032 iiuspensis
1361 1969 1496 2024 nonnulle
1519 1969 1641 2027 letantur
1654 1975 1786 2043 epistnlae.

149 2041 260 2111 Scripsit
274 2042 395 2113 quaedam
410 2044 560 2099 necessaria
575 2043 716 2114 opuscula.
736 2043 775 2100 oe
788 2045 885 2115 quibus
899 2061 950 2115 ego
965 2056 1066 2104 tantum
1082 2054 1169 2121 reperi
1185 2053 1305 2124 subjecta
1325 2056 1476 2116 :letamen
1491 2062 1591 2132 grande
1604 2065 1721 2133 capitula
1735 2065 1787 2128 ba·

147 2131 212 2187 bens
227 2142 348 2190 trecenta
360 2148 394 2191 et
407 2134 483 2191 libris
496 2134 568 2190 beati
583 2135 725 2206 Augustini
739 2137 858 2207 episcopi
872 2138 1024 2208 defloravit,
1039 2144 1072 2198 ad
1087 2143 1215 2215 Probum,
1233 2150 1310 2218 cujus
1325 2149 1365 2206 sic
1382 2151 1474 2223 incipit
1488 2148 1633 2228 prologus:
1653 2156 1740 2228 Epist.
1755 2174 1785 2216 tt

149 2227 257 2281 domine
278 2228 369 2283 merito
383 2226 549 2294 omerniiiit;
573 2228 744 2286 liberantem
764 2232 803 2286 aio
817 2249 824 2286 :
837 2232 895 2289 Lib.
912 2251 940 2290 t:
958 2237 1034 2300 Quod
1056 2237 1091 2291 nd
1109 2248 1134 2292 ta
1147 2241 1255 2313 scripsi,
1272 2245 1437 2314 donornnde;
1459 2247 1546 2305 Vitam
1561 2253 1645 2308 sancti
1661 2253 1784 2314 Severini

148 2321 292 2389 tnonacbi;
308 2322 435 2391 Regulam
451 2325 647 2378 monachorum
658 2325 718 2393 eins
730 2324 782 2395 (lt).
809 2324 914 2383 claruit
926 2329 976 2384 sub
988 2330 1132 2388 Anastasio
1154 2334 1491 2403 imperatotc„tecuntttm
1507 2341 1653 2400 lionorium
1667 2348 1781 2419 presby·
1845 2381 1846 2386 ι

148 2426 245 2473 ternm.
265 2416 319 2474 Sed
333 2416 479 2473 secundum
495 2414 663 2486 sigebertum
681 2424 745 2472 tunc
759 2416 854 2474 claruit
870 2418 922 2479 sub
933 2419 1041 2479 Tiberio
1055 2421 1251 2495 Consentino,
1275 2429 1441 2504 temporibus
1456 2431 1555 2503 Pelagii
1571 2442 1648 2505 papio
1663 2437 1696 2504 tl,
1710 2451 1782 2502 anuo

150 2509 250 2564 [iotttitti
267 2507 330 2565 580.

153 2669 441 2796 “l}a)E{aniomspdio
457 2671 555 2728 tctteri
569 2672 677 2743 dieitur,
698 2672 864 2745 liugyppinm
879 2674 1001 2732 abbatem
1023 2676 1106 2734 inisse
1127 2681 1283 2736 monasterii
1306 2680 1509 2740 lucullanensis
1533 2699 1617 2756 prope
1642 2682 1782 2756 Neapolim

193 2811 222 2880 b)
241 2812 303 2867 llaec
324 2810 414 2879 regnis
429 2826 481 2866 non
496 2821 593 2868 exstat.
614 2813 778 2871 'tribuuntur
790 2815 870 2871 etiam
890 2817 1026 2887 dugyppio
1043 2834 1051 2872 ε
1069 2818 1096 2873 i⁰
1108 2816 1166 2873 Vita
1178 2819 1208 2876 S.
1223 2820 1362 2891 Augustini
1376 2821 1567 2890 flavianensis,
1584 2824 1695 2896 legenda
1710 2829 1781 2899 apud

147 2876 316 3008 manticam?
337 2882 367 2936 ἢ*
382 2882 412 2939 S.
427 2880 547 2941 severim
563 2884 633 2952 Vita,
648 2899 709 2957 qnae
722 2895 791 2942 inter
801 2900 883 2969 opera
899 2888 979 2942 ilarct
997 2887 1096 2944 leiseri
1111 2893 1262 2959 repetitum
1283 2890 1312 2947 δ’
1327 2893 1443 2962 epistola
1455 2894 1489 2949 atl
1503 2894 1675 3002 faschasiutn
1690 2898 1780 2955 diaco-

1380 3092 1779 3124 —-··-—·-——s

444 3222 836 3329 EPISTOLA
893 3226 1469 3336 buolcltotttn.

586 3415 938 3479 eevuuuuotssmto
960 3419 1000 3479 ΙΝ
1022 3419 1196 3482 ClllilS‘lO
1215 3422 1335 3484 PATRI

542 3555 578 3601 tc
600 3556 789 3604 ratusratus.
813 3557 950 3602 enunciet
973 3559 1005 3598 n.
1028 3557 1054 3600 r.
1079 3558 1248 3603 noooteao
1271 3561 1381 3621 arona,

135 3661 253 3726 metati
267 3665 530 3727 monasteriorum
544 3664 763 3727 Mardooensit
777 3682 812 3725 oc
828 3665 993 3728 lactentia
1006 3664 1223 3743 pientissimo,
1245 3666 1424 3729 litterarum
1439 3669 1606 3733 Moeceooti
1619 3670 1779 3736 tiserniti-

689 3763 766 3823 simo
778 3808 787 3837 ,
801 3771 939 3842 patrono
956 3783 1012 3824 suo
1030 3763 1234 3839 observando,

582 3889 724 3943 totenes
745 3889 874 3941 liettotb
895 3889 1107 3953 tcuotottts,
1128 3889 1212 3940 BENE
1227 3888 1342 3941 totae.

178 3999 283 4058 Tertius
297 4001 491 4073 propemodum
505 4000 561 4070 iam
576 4000 656 4056 nobis
668 4000 766 4057 teritur
776 4013 872 4067 anons,
890 3999 1015 4069 princeps
1028 3996 1221 4063 illustrissime,
1238 3997 1309 4068 quod
1324 4006 1421 4068 prater
1432 3997 1471 4062 rei
1486 3999 1666 4056 familiaria'et
1680 4015 1777 4065 censos

133 4098 226 4152 moturi
241 4097 300 4169 (nui
323 4113 356 4153 et
380 4096 446 4152 tolia
467 4097 618 4153 studiorum
632 4095 732 4168 uigiliis
745 4097 862 4165 constat)
872 4095 1005 4167 jacturam
1021 4093 1184 4158 maximam,
1195 4103 1227 4150 et
1239 4092 1311 4149 ttetlii
1324 4103 1351 4150 et
1364 4093 1464 4149 laboris
1480 4093 1594 4148 multum
1607 4092 1776 4149 inunximus.

130 4180 247 4246 laterim
262 4190 333 4245 enim
348 4192 411 4244 dum
428 4178 657 4261 Strassematum
679 4189 816 4245 Cbiliadas
838 4189 935 4246 Caroio
957 4189 1021 4258 imp.
1047 4190 1221 4259 pacificatori,
1248 4190 1404 4245 dustrindas
1418 4190 1591 4250 l'crdinantlo
1606 4188 1684 4245 Rom.
1700 4189 1775 4246 (les.

129 4281 317 4348 clementias..
342 4280 551 4358 ittctdmpnnitn,
566 4284 633 4339 ritus
645 4297 678 4338 tc
689 4283 777 4338 cattus
790 4297 805 4339 a
817 4280 962 4352 gentilibus
976 4280 1102 4335 omnibus
1115 4279 1195 4335 idolis
1209 4279 1272 4335 olim
1287 4279 1445 4346 exhibitos,
1464 4281 1512 4335 tibi
1526 4279 1668 4336 llteccnati
1679 4291 1773 4335 nostro

131 4370 327 4429 liberalissimo
339 4377 522 4444 congerimus,
543 4375 671 4447 quidquid
688 4374 856 4444 benignitate
868 4373 1001 4429 bonorum
1017 4371 1095 4428 ttobis
1110 4372 1285 4443 impenditur,
1301 4372 1430 4447 quidquid
1446 4375 1480 4430 ad
1492 4373 1630 4432 lucernam
1645 4370 1773 4430 corradi-

133 4477 190 4536 tur,
205 4471 231 4525 itt
245 4471 434 4540 comparandis
449 4468 690 4541 praeparandisque
703 4467 859 4524 auctoribus
871 4465 949 4522 bottis
963 4464 1133 4521 absumitur:
1147 4464 1215 4521 adeo
1229 4474 1259 4521 ut
1277 4473 1433 4536 paupertate
1448 4465 1525 4526 libris
1544 4479 1576 4519 ac
1592 4463 1684 4521 liberis
1695 4463 1772 4523 dem·

130 4559 200 4626 ptis,
210 4556 278 4614 nibil
292 4558 324 4615 sit
340 4559 411 4629 quttd
432 4574 493 4614 cum
519 4559 561 4616 bis
587 4558 672 4615 tribus
691 4555 873 4614 voluminibus
888 4554 994 4626 tugurio
1014 4557 1041 4610 io
1053 4563 1146 4612 nostro
1157 4563 1293 4612 accrescat
1305 4541 1399 4629 {quod
1415 4556 1522 4628 quidem
1535 4555 1578 4612 tei
1594 4555 1770 4617 lentissimum

128 4663 308 4720 quemqnam,
324 4651 348 4705 si
363 4649 410 4706 Dei
424 4650 487 4720 0pt.
504 4649 574 4704 linx.
588 4650 793 4719 litterarumque
806 4654 882 4704 extra
895 4646 1021 4708 solatium
1037 4646 1138 4718 aliquid
1153 4648 1305 4716 arrideret,
1321 4664 1355 4706 ne
1369 4650 1449 4706 modo
1461 4651 1586 4721 juvenem
1608 4664 1650 4704 me
1663 4646 1767 4705 deliciis

126 4737 187 4813 ltin,
204 4746 288 4801 llusis
303 4745 450 4811 videlicet,
473 4744 632 4800 abstrahere
654 4751 757 4814 posset.
777 4743 907 4802 uberum
919 4742 1019 4800 etenim
1039 4755 1100 4797 cum
1115 4741 1251 4801 bominem
1266 4740 1309 4797 bae
1323 4751 1437 4811 poscunt
1453 4741 1536 4813 (uude
1550 4741 1632 4798 etiam
1649 4739 1702 4798 illis
1717 4754 1768 4800 oo·

126 4849 196 4894 mett
211 4835 324 4892 inditum
340 4835 451 4907 quidam
468 4835 659 4904 contendunt),
675 4832 773 4902 onibus
795 4832 927 4904 augustiis
949 4828 1142 4903 paterfamilias
1155 4838 1303 4902 prematur,
1317 4845 1398 4902 quam
1413 4831 1494 4887 teriia
1509 4831 1641 4888 inservire
1653 4830 1770 4904 negotiis

126 4940 256 5001 cogatur,
271 4933 315 5003 qui
328 4933 431 4988 nesciat
445 4942 509 5002 puto
528 4944 590 4987 csse
602 4929 751 4986 neminem.
771 4930 805 4984 dt
818 4926 922 4984 eedem
935 4926 1007 4998 quod
1031 4923 1098 4981 nibil
1111 4923 1165 4995 iam
1187 4933 1297 4995 grauate
1310 4923 1476 4980 tubtcmbam
1489 4923 1615 4992 Ciceroni
1637 4924 1769 4993 eidciuut,

126 5023 177 5091 qni
194 5023 297 5078 litteras
311 5022 395 5078 bonas
410 5023 472 5077 nita
487 5022 571 5078 totins
586 5019 738 5091 profugium
755 5019 877 5083 unicum,
892 5016 1099 5074 delectationem
1113 5014 1311 5080 secundarum,
1326 5029 1417 5070 rerum
1428 5028 1493 5071 tero
1507 5015 1683 5072 adversarum
1694 5014 1770 5071 salu·

127 5122 186 5171 tem
202 5132 265 5172 esse
274 5116 402 5189 affirmat,
426 5132 487 5172 cum
501 5124 528 5173 et
539 5115 598 5172 bec
611 5129 654 5170 me
668 5115 810 5180 devorate,
826 5110 942 5182 denique
953 5118 981 5167 et
997 5109 1100 5178 maiora
1115 5120 1148 5163 ac
1161 5105 1271 5162 saniora
1285 5118 1394 5176 sperare
1407 5105 1532 5174 doceant,
1548 5104 1693 5164 cumomni
1712 5117 1770 5160 mo-

130 5221 235 5277 tttento,
250 5211 321 5280 quod
338 5211 379 5266 vel
394 5209 473 5267 bonis
484 5210 643 5280 jucundum,
655 5207 697 5261 nel
712 5205 872 5277 reipublice
886 5205 953 5265 utile
964 5205 1163 5270 demonstrant,
1178 5198 1304 5256 adierunt
1322 5210 1403 5271 atque
1427 5201 1598 5270 investigant,
1621 5213 1681 5255 cnm
1696 5196 1765 5253 anti·

130 5320 180 5361 eos
194 5305 265 5373 piot,
280 5304 412 5361 doctoset
427 5303 512 5359 bonna
527 5301 604 5358 nobis
618 5300 690 5357 omni
707 5301 735 5356 in
751 5301 810 5356 ioco
824 5299 982 5357 conciliant.
1003 5297 1093 5365 Quare
1107 5309 1168 5349 cum
1182 5293 1210 5348 in
1225 5291 1276 5349 bac
1289 5294 1355 5363 vita,
1371 5293 1443 5348 bono
1455 5291 1598 5362 jucundius
1609 5304 1670 5346 esse
1686 5288 1770 5360 possit

132 5397 210 5461 nittii,
224 5395 308 5466 probe
321 5404 348 5450 ct
362 5410 466 5451 mecum
483 5404 571 5449 actum
584 5401 637 5455 cst,
653 5391 762 5447 biennio
780 5399 899 5458 peracto.
921 5385 1162 5468 verumenimvero
1181 5382 1211 5439 S·
1234 5383 1265 5438 P.
1281 5384 1315 5451 Q.
1333 5382 1526 5440 colmariensis
1541 5393 1607 5450 qttos
1623 5379 1769 5448 permulta

135 5494 229 5549 saecula
244 5488 394 5544 amentavit
408 5487 551 5542 thesauros
566 5499 598 5540 ex
613 5485 643 5538 i).
660 5481 799 5553 Augustini
814 5480 955 5552 operibus,
971 5493 1019 5550 pet
1032 5477 1063 5532 b.
1077 5475 1245 5549 liogyppiam
1264 5476 1389 5531 abbatem
1403 5475 1557 5529 diricanutn
1572 5483 1724 5541 congestos,
1740 5472 1768 5528 in

85 5571 96 5586 ⁸
137 5594 252 5643 nostram
265 5581 420 5653 redegimus
441 5587 600 5650 potestatem
623 5576 789 5645 llieronymo
808 5572 911 5638 Fabio,
934 5567 1051 5642 Georgio
1075 5566 1230 5641 Wicitgrsat
1244 5580 1316 5624 coss.
1332 5580 1373 5621 cc.
1389 5577 1467 5634 opem
1481 5561 1638 5626 terentibus,
1663 5576 1695 5617 ac
1708 5561 1766 5618 coi·

141 5683 213 5757 tegio,
228 5678 273 5741 eui
286 5694 302 5737 a
315 5676 454 5737 liominieo
464 5688 574 5743 nomen,
591 5669 618 5727 id
632 5670 742 5741 largiter
765 5668 792 5723 in
814 5677 985 5723 communem
1005 5674 1085 5719 usum
1099 5657 1241 5721 adame.
1261 5652 1501 5714 temulentiae
1514 5650 1624 5711 ioannis
1639 5652 1766 5726 lisimeg-
