3774 6120
200 229 235 287 95
860 216 970 273 rrorm
990 217 1173 275 tarsensis
1796 215 1833 271 as

199 345 250 399 iius
259 349 350 398 noster
361 340 441 397 luerit
453 341 532 411 plane
544 339 675 395 incertum
685 344 736 392 est.
746 335 773 391 ld
782 344 896 401 certum,
908 348 987 403 opus,
1002 337 1027 413 ᾼ
1041 334 1135 399 seiam,
1150 336 1254 391 ratione
1268 335 1375 403 ductus,
1391 334 1491 391 nullius
1511 334 1670 391 attctoritate
1682 333 1774 390 tultus.
1790 333 1831 389 lle

198 437 382 504 quaeeunque
395 432 483 496 inerit,
500 431 643 485 interiisse.

236 527 355 595 Derrique
367 526 458 579 mirari
469 526 543 591 iicet,
556 524 619 594 quid
632 522 682 577 sibi
698 521 761 577 rciit
770 519 921 574 casimirus
932 517 989 572 tio·

199 620 256 681 din,
271 619 314 687 qui
326 634 378 672 nou
394 632 447 672 uno
463 634 488 670 m
502 618 563 670 locu
575 614 685 670 arnobii
700 613 819 668 iunioris
834 626 894 665 curn
906 611 987 665 Sera·
1008 686 1010 691 Ι

200 713 278 778 piune
297 710 450 762 corrssictuur
467 707 563 776 Vigilio
581 715 672 759 nostro
688 706 797 769 tribuat,
820 703 902 766 nulia,
918 701 991 771 quod

1042 425 1172 479 baeeninr
1186 441 1215 482 rc
1230 443 1264 482 ne
1280 432 1328 503 ppei
1344 428 1450 498 quidem
1467 427 1559 496 babet,
1573 428 1622 496 qui,
1633 427 1724 482 omnia
1742 423 1830 494 Vigiiii

1040 531 1122 586 opera
1131 522 1256 583 corrasit,
1268 536 1338 589 caepe
1349 521 1436 576 dietus
1446 520 1609 585 iibiitletium
1621 520 1745 590 quamuis
1755 519 1831 575 iilum

1016 662 1020 673 ,
1041 609 1067 663 in
1080 620 1168 677 partes
1181 624 1277 665 rorare
1288 613 1357 686 reite
1371 613 1503 668 rideatur.

523 987 916 1101 VIGIHI
963 986 1516 1107 rarsumsts

431 1170 866 1302 CONTRA
932 1169 1612 1303 EUTYCHETEM

811 1362 945 1442 urant
974 1364 1219 1460 quincue.
1316 1450 1329 1470 ,

926 1529 1090 1544 -

709 1632 951 1741 LIBER
987 1633 1321 1743 PRIMUS.

232 1810 255 1876 1
273 1807 292 1859 l.
313 1804 433 1873 llogoum
447 1810 474 1858 et
495 1816 576 1872 grate
600 1801 661 1856 iidei
681 1801 838 1869 periculum,
853 1800 924 1870 quod
938 1813 988 1854 nec
1002 1802 1026 1860 Β
1040 1798 1168 1854 titionum
1188 1800 1291 1868 laqueis
1306 1801 1409 1856 animas
1421 1801 1514 1857 venari
1531 1803 1707 1861 Christianae.
1722 1805 1779 1863 Sed
1789 1808 1833 1863 ni·

196 1900 272 1953 tacite
295 1897 408 1960 sentiri,
438 1909 488 1950 nec
512 1894 589 1948 laeilc
617 1908 633 1947 a
658 1893 791 1962 plerisque
818 1894 906 1948 valeat
931 1893 987 1949 ori·

196 1993 245 2046 tari
269 1989 415 2061 (quoniam
451 1994 493 2043 est
529 1985 634 2054 pietatis
656 1985 745 2053 specie
773 1984 987 2053 obumbratum)

196 2099 244 2154 per
257 2084 352 2138 multas
367 2083 484 2138 Orientis
500 2084 632 2138 Ecclesiae
651 2081 796 2138 domestica
815 2083 987 2138 contentione

195 2176 311 2243 grassari
327 2176 524 2241 corriperimns;
541 2184 617 2251 egeo
636 2190 721 2243 usque
737 2174 864 2243 pertinaci
884 2175 987 2232 animo-

195 2281 254 2319 ruor
269 2265 431 2331 obstination
442 2264 576 2330 ldelendi,
588 2273 616 2319 ιιι
631 2281 680 2320 nee
694 2267 864 2335 antiquorum
877 2265 985 2320 Parrum

153 2421 155 2426 ,
195 2358 404 2422 traditionibus,
428 2371 476 2411 nec
500 2358 684 2427 religiosorum
711 2358 860 2426 principum
884 2358 987 2413 severis

195 2448 377 2502 sanctionibus
396 2450 480 2516 possit
490 2449 531 2503 rel
547 2450 661 2517 potuerit
674 2450 817 2516 amputari.
832 2449 986 2505 Praercntus

196 2540 266 2594 euim
291 2540 363 2595 torsa
381 2542 514 2608 opinionis
532 2556 626 2596 errore
652 2543 784 2597 bumanus
806 2543 923 2610 auditus,
952 2542 986 2597 ad

195 2631 251 2684 reri
266 2633 396 2687 rationem
413 2632 612 2701 percipiendam
627 2633 709 2703 durus
720 2643 748 2688 et
768 2633 933 2700 perdiiiloilis
947 2633 987 2687 iu·

195 2724 319 2786 verritur,
345 2726 557 2795 quantiscunque
585 2726 697 2780 testibus
720 2737 856 2796 urgeatur.
885 2726 988 2780 Marrrlt

195 2816 267 2868 eninr
284 2817 355 2881 praei
370 2816 502 2885 dogmatis
516 2819 685 2883 seutentiam,
707 2833 758 2888 qua
774 2818 857 2872 semel
872 2817 986 2874 iniectus

196 2917 247 2970 est,
263 2911 415 2975 perversius
425 2908 571 2974 uindicare,
588 2924 667 2979 quarn
686 2910 754 2967 banc
767 2911 889 2966 eamdem
906 2913 986 2968 tantis

196 2998 342 3052 divinarum
359 3000 588 3069 lrorrraoarumque
611 3000 697 3071 legum
722 3004 924 3058 auctoritatibus
945 3020 987 3058 re·

196 3091 306 3146 lrrtatam
327 3093 460 3148 salubrius
483 3095 635 3149 immutare.
668 3095 730 3149 ilaec
755 3111 819 3163 ergo
842 3096 984 3165 perniciosi

1037 1888 1074 1943 hii
1089 1905 1197 1953 novum,
1210 1892 1276 1946 nibil
1287 1895 1458 1963 peregrinum
1470 1894 1598 1951 Ecclesiae
1609 1896 1737 1954 inrtitudo
1750 1914 1834 1970 expe·

1037 1984 1115 2047 ritur,
1133 1985 1228 2038 rabbus
1244 2000 1310 2052 pene
1324 1986 1498 2042 aburrirersis
1511 1989 1642 2045 hereticis
1652 1992 1831 2061 quaestionum

1038 2076 1186 2132 turbinibus
1196 2078 1309 2148 agitata;
1322 2079 1484 2148 triumphum
1497 2082 1688 2149 decontrariis,
1697 2094 1724 2140 et
1735 2084 1832 2141 immo·

1039 2170 1169 2225 bilitatem
1185 2172 1280 2226 sortita
1292 2173 1326 2227 de
1336 2173 1466 2230 adversis.
1481 2174 1547 2231 Nam
1562 2176 1625 2230 dum
1640 2188 1772 2233 secontia
1789 2179 1834 2234 Sa·

1036 2249 1147 2317 bellium
1164 2262 1297 2332 armigero
1308 2265 1455 2320 certamine
1470 2274 1586 2332 aptaret,
1598 2266 1657 2321 ritii
1676 2278 1757 2331 atque
1771 2268 1833 2339 Spi-

1036 2351 1834 2429 ritussanetipersonarumexstantiasriodicat;quodalius

1037 2445 1072 2498 sit
1086 2444 1131 2509 qui
1144 2447 1238 2514 giguit,
1260 2456 1287 2499 et
1306 2447 1374 2500 alius
1391 2449 1574 2519 quigigoitur;
1590 2460 1617 2505 et
1630 2450 1697 2505 alius
1719 2453 1752 2508 sit
1769 2468 1832 2523 pro·

1037 2537 1145 2603 cedens,
1172 2539 1239 2592 alius
1254 2538 1287 2593 ‹le
1302 2554 1355 2607 quo
1377 2543 1511 2610 procedit;
1535 2544 1605 2599 alins
1620 2544 1738 2613 mitteris,
1763 2546 1832 2603 alius

1037 2627 1150 2691 missum
1164 2628 1232 2682 aiios
1250 2629 1319 2684 lleus
1335 2630 1451 2686 Verbum
1465 2636 1510 2704 qni
1528 2635 1562 2690 de
1576 2633 1684 2705 Virgine
1700 2639 1831 2705 nascitur,

1037 2720 1105 2773 alius
1118 2720 1196 2775 Pater
1208 2721 1251 2789 qui
1268 2733 1406 2790 permanet
1420 2739 1528 2796 semper
1554 2728 1681 2793 innatus;
1699 2729 1768 2785 aiios
1787 2733 1831 2801 qui

1038 2811 1324 2880 perdispeusatiooem
1341 2816 1441 2880 carnis,
1457 2827 1551 2872 cuncta
1567 2828 1664 2873 nostra
1681 2819 1831 2889 fragilitatis

1038 2903 1125 2958 oilicia
1141 2905 1241 2973 cipiet,
1266 2907 1336 2962 alius
1351 2910 1430 2963 l'ater
1441 2909 1488 2979 qui
1510 2911 1568 2966 sine
1585 2913 1626 2966 bis
1640 2914 1765 2970 omuibus
1777 2930 1831 2971 ma·

1038 3008 1093 3050 net.
1109 2997 1205 3052 Videas
1218 2999 1289 3054 illico
1302 3000 1394 3056 Arium
1413 3012 1536 3071 tanquam
1559 3004 1726 3071 triumphalis
1747 3007 1833 3063 ricto·

1037 3090 1084 3144 rio
1095 3101 1217 3159 suscepta
1238 3094 1347 3148 materia
1357 3078 1455 3150 elatius
1468 3097 1606 3162 insultare,
1617 3108 1644 3151 et
1655 3097 1831 3154 subderesta·

196 3183 360 3238 discriminis
384 3185 489 3239 letbabs
512 3197 539 3240 et
560 3186 695 3240 mortilera
717 3187 800 3255 pestis
823 3186 892 3241 intra
908 3184 1025 3247 verre-C
1043 3182 1089 3236 1ιίΙί
1106 3184 1223 3250 perfidie
1236 3199 1291 3238 ⁸1¹ae
1314 3185 1389 3255 iugo,
1402 3187 1519 3242 bdelium
1535 3189 1680 3244 rellecolla
1695 3189 1832 3261 subigere.

198 3275 296 3330 rondes
313 3276 440 3330 Ecclesiae
455 3278 543 3330 aditus
553 3279 586 3330 ita
600 3287 695 3333 runrta
709 3278 824 3333 icroeius
836 3279 987 3347 populatur,

197 3375 226 3420 ut
245 3382 278 3422 eo
303 3367 361 3436 pius
384 3378 489 3432 noceat,
504 3385 558 3438 qno
580 3371 668 3425 minus
693 3385 791 3426 nocere
820 3371 987 3440 intelligitur.

197 3459 242 3514 Sic
256 3462 326 3515 eninr
342 3462 468 3514 teterrimi
489 3462 581 3531 anguis
592 3464 684 3517 edocta
700 3464 863 3532 magisterio,
880 3462 989 3518 insidia·

198 3566 256 3604 rum
272 3567 378 3605 suorum
395 3553 524 3618 ancipites
537 3557 644 3621 laqueos
658 3554 750 3609 dextra
769 3556 888 3623 laevaque
902 3564 989 3609 teten-

113 3685 117 3692 ,
198 3645 247 3708 dit,
263 3655 291 3697 ut
306 3656 499 3713 perangustum
515 3657 543 3700 et
559 3648 637 3700 nimis
652 3648 763 3702 arduum
777 3649 990 3703 commeantibus

197 3734 301 3790 itineris
311 3720 404 3791 cabern
420 3738 567 3807 reliquerit.
585 3741 611 3793 si
625 3741 695 3792 euim
708 3740 841 3808 paululum
854 3742 878 3793 in
890 3750 992 3794 utram-

198 3837 361 3895 quepartem
377 3829 496 3882 nutantia
511 3830 629 3884 volueris
651 3828 751 3885 inferre
769 3833 889 3900 vestigia,
919 3831 991 3888 illico

198 3921 320 3989 capieris.

234 4011 266 4068 tt.
293 4013 364 4068 luter
386 4011 502 4068 Nestorii
526 4028 590 4083 ergo
614 4012 748 4082 quotidam
773 4013 901 4068 Ecclesiae
921 4016 991 4069 Con·

199 4108 452 4178 starrtiuupoiitauar,
475 4124 527 4161 nou
549 4110 660 4162 rectoris
680 4109 726 4161 sed
742 4107 921 4176 dissipatoris,
938 4122 992 4161 non

201 4199 315 4269 pastoris
328 4200 375 4255 scd
389 4199 547 4270 praedatoris
561 4199 719 4270 sacrilegum
739 4199 846 4270 dogma,
863 4210 890 4253 et
910 4201 993 4269 Euty·

200 4290 284 4343 elutis
305 4288 433 4344 nefariam
456 4299 483 4342 rt
506 4289 689 4343 detestabilem
704 4292 852 4360 2scctam,
881 4291 917 4345 ita
933 4304 993 4344 ser·

201 4379 504 4449 porriiuaegrassationis
528 4395 587 4433 surse
609 4380 743 4432 calliditas
765 4380 940 4448 temperarit,
964 4388 993 4435 ιιι

203 4479 345 4536 utrumque
359 4471 418 4521 sine
430 4468 569 4534 utriusque
581 4470 697 4535 periculo
709 4469 828 4538 plerique
842 4470 925 4524 uitare
940 4486 991 4525 nim

1040 3273 1198 3345 cognoscite
1213 3276 1344 3344 inquiens,
1361 3279 1491 3347 potiorem
1504 3295 1565 3335 esse
1577 3281 1623 3350 qui
1638 3281 1720 3336 mittit
1733 3298 1768 3337 eo
1781 3284 1826 3353 qui

1041 3366 1173 3422 mittitur:
1190 3365 1342 3421 inieriorrm
1358 3383 1418 3423 esse
1433 3369 1479 3438 qui
1499 3370 1666 3440 obsequitur,
1681 3370 1833 3442 digniorem

1043 3457 1085 3510 cui
1100 3458 1280 3511 munificentia
1295 3458 1447 3514 exhibetur.

1078 3550 1120 3605 ΙΙΙ,
1140 3551 1312 3605 blaoiebaeum
1327 3551 1423 3607 itidem
1444 3568 1504 3607 cum
1525 3552 1558 3608 de
1572 3555 1686 3611 veritate
1706 3553 1833 3612 dominici

1041 3643 1162 3710 corporis
1180 3642 1310 3709 obtundo,
1331 3644 1401 3712 quod
1424 3658 1477 3698 non
1500 3643 1588 3699 laliaci
1610 3645 1781 3701 simulatione
1807 3655 1834 3701 et

1043 3732 1201 3800 quibusdam
1227 3733 1379 3787 illusionum
1404 3734 1548 3804 prestigiis
1563 3735 1642 3790 inerit
1665 3745 1835 3805 susceptum,

1043 3831 1189 3876 tumentem
1205 3822 1320 3893 Virginis
1335 3825 1423 3877 airum
1444 3825 1548 3895 alicgo;
1564 3827 1708 3893 praestolati
1728 3823 1835 3896 tempo·

1043 3914 1081 3968 rie
1096 3929 1194 3978 moras,
1214 3929 1281 3983 quas
1303 3915 1402 3968 diutius
1419 3917 1487 3971 intra
1510 3917 1625 3971 materni
1651 3918 1718 3973 uteri
1744 3918 1836 3988 hospi·

1036 4004 1120 4069 tium,
1136 4019 1220 4072 usquo
1234 4005 1265 4057 od
1282 4005 1427 4074 legitimum
1451 4014 1542 4073 partus
1556 4007 1627 4060 diem
1640 4009 1741 4078 peregit
1755 4008 1781 4079 3
1794 4010 1835 4063 in·

1043 4095 1120 4148 sinuo
1137 4112 1144 4148 ε
1162 4097 1294 4165 puerperii
1307 4112 1399 4162 eonas,
1413 4098 1529 4166 vagitum
1545 4099 1661 4159 iniaotis.
1674 4098 1761 4154 atatis
1774 4115 1837 4170 pro-

1044 4186 1153 4250 iectum,
1166 4187 1199 4240 ad
1212 4186 1331 4242 ultimum
1349 4189 1481 4256 passionis
1494 4189 1618 4256 ludibria,
1634 4192 1721 4245 ernc's
1736 4190 1837 4258 patibu·

1045 4280 1111 4345 ium,
1131 4278 1297 4335 confixiones
1320 4281 1467 4348 clarorum,
1490 4281 1574 4350 aperti
1599 4280 1689 4336 lateris
1710 4298 1836 4338 eruorem

1044 4372 1164 4427 simulet
1184 4373 1302 4440 laticem,
1320 4371 1533 4437 descensionem,
1552 4375 1729 4443 sepulturam,
1744 4391 1837 4432 resur·

1045 4463 1202 4531 rectionem,
1217 4473 1244 4516 et
1260 4463 1331 4533 quod
1344 4465 1402 4534 ipse
1414 4479 1519 4535 quoque
1535 4464 1663 4522 Dominus
1677 4470 1731 4522 ait:
1750 4468 1839 4525 Vuitir

201 4562 325 4634 possiot;
347 4561 410 4613 dum
436 4559 459 4613 si
483 4559 542 4628 quis
568 4558 682 4612 Nestorii
705 4560 842 4626 perfidiam
871 4561 991 4626 damnat,
1003 4563 1030 4624 D
1042 4577 1081 4614 me
1092 4561 1219 4626 occidere,
1233 4560 1363 4615 bominem
1382 4566 1426 4631 gri
1437 4564 1567 4616 ueritatem
1581 4560 1681 4618 iocatur
1693 4579 1750 4617 aum
1768 4565 1839 4621 ociis

202 4652 358 4723 Errtpcbetis
372 4660 479 4720 putatur
494 4651 578 4704 errori
592 4651 778 4706 succumbere.
795 4651 909 4705 Rursum
927 4652 990 4706 dum

202 4745 375 4813 Butycbiauae
401 4743 512 4796 haeresis
536 4742 699 4808 impietatem
723 4740 849 4807 destruit,
875 4742 991 4797 Nestorii

202 4837 321 4907 arguitur
331 4836 427 4905 dogma
441 4836 554 4904 erigere.
569 4833 621 4887 Sed
633 4833 681 4886 itas
703 4832 820 4887 inanium
842 4834 992 4889 accusatio·

202 4945 265 4985 unm
280 4929 389 4982 uelmlas
405 4927 442 4980 iili
458 4926 598 4979 oliuudunt
613 4927 756 4996 praecipue,
772 4925 815 4994 qui
828 4934 873 4979 aut
885 4927 992 4994 imperi·

203 5022 246 5076 tia
261 5020 336 5083 ritio,
352 5031 397 5071 aut
409 5019 589 5072 contentionis
612 5018 706 5072 irrorbo
725 5024 872 5087 aegrotarum
888 5026 915 5070 et
928 5016 991 5070 dura

203 5114 345 5183 petulantis
359 5111 439 5165 animi
457 5111 601 5180 supercilio
615 5112 763 5182 eriguntur,
777 5111 924 5179 antiquitus
939 5120 993 5164 tra-

201 5205 271 5260 ditas
291 5220 305 5257 a
327 5201 448 5256 Patribus
462 5201 522 5255 idei
544 5201 648 5271 regulas
670 5201 705 5256 oh
727 5202 778 5256 boc
802 5201 991 5269 solumdespi·

200 5303 287 5366 ciurrt,
304 5308 332 5353 ut
351 5299 419 5352 male
440 5305 583 5364 conceptas
600 5295 746 5348 novitatum
762 5308 869 5348 suarum
883 5303 990 5349 senteu-

201 5393 251 5447 tias
268 5390 393 5445 Ecclesiae
414 5388 600 5442 intromittant.
616 5387 657 5441 Ob
680 5388 704 5441 id
719 5389 798 5442 etiam
821 5388 908 5455 uubis,
932 5397 991 5442 tan-

199 5497 279 5549 quam
298 5480 445 5535 dialccticer.
468 5478 533 5532 artis
559 5478 690 5548 magistri,
716 5493 768 5530 ιιοιι
790 5488 914 5547 tauquam
929 5493 993 5533 rere

201 5572 301 5627 Cbristi
325 5573 459 5644 discipuli,
474 5571 598 5643 ancipitis
612 5571 795 5638 responsionis
810 5568 991 5624 ineuitabilem

201 5665 383 5735 syllogismum
399 5667 521 5734 tendunt,
537 5664 698 5722 arbitrantes
712 5675 791 5732 posse
802 5674 831 5716 se
845 5660 886 5715 bis
897 5674 993 5730 propo·

1043 4650 1133 4721 (ioca.
1148 4667 1209 4716 rut,
1221 4651 1279 4720 40).
1293 4652 1325 4706 Ει
1337 4654 1499 4723 Apostolus:
1515 4653 1588 4708 Sicut
1602 4671 1646 4725 per
1660 4671 1741 4708 ιιιιιιιιι
1754 4654 1839 4711 borni-

1044 4757 1101 4794 nem
1114 4759 1193 4805 ororr,
1215 4742 1251 4795 ito
1264 4753 1287 4797 et
1307 4759 1352 4812 per
1369 4761 1448 4797 troam
1461 4745 1588 4799 bominem
1599 4748 1750 4800 rerurrectio
1767 4763 1839 4800 mor-

1045 4831 1183 4902 tuorurrrii
1203 4831 1264 4886 Cor.
1280 4850 1324 4902 ιιι,
1348 4834 1407 4905 rt).
1435 4836 1469 4890 Et
1482 4854 1488 4889 :
1503 4835 1575 4890 iloto
1597 4837 1722 4890 orediotor
1744 4837 1794 4892 Dei
1815 4849 1840 4893 et

1044 4923 1172 4977 domiuum
1188 4923 1263 4977 bomo
1286 4925 1401 4980 Cirrirtur
1422 4925 1498 4982 Jeme
1514 4926 1541 4999 (i
1567 4928 1633 4982 Tim.
1648 4944 1682 4990 n,
1705 4929 1745 4998 5).
1776 4930 1840 4985 iimo

1045 5030 1087 5068 ure
1100 5024 1192 5070 contra
1206 5013 1381 5069 lianicburum
1400 5026 1580 5087 perorantem,
1607 5018 1737 5073 Pbotioua
1752 5026 1841 5076 totum

1043 5108 1115 5162 reiut
1129 5117 1305 5177 praeparatum
1320 5109 1418 5173 cibam,
1435 5111 1601 5164 avidioribus
1613 5111 1733 5180 perfidiae
1753 5111 1841 5167 lauci-

1044 5198 1093 5251 bus
1106 5199 1199 5253 nititur
1211 5207 1391 5254 transvorare.
1406 5199 1510 5254 liursus
1531 5216 1591 5256 cum
1613 5216 1656 5255 me
1669 5211 1761 5256 contra
1777 5218 1841 5259 eum

1044 5293 1126 5346 armis
1138 5292 1250 5346 riribcae
1265 5292 1385 5346 iectionis
1398 5293 1559 5361 instruxero,
1576 5303 1603 5349 et
1618 5296 1698 5348 multa
1715 5297 1841 5352 testimo·

1045 5384 1148 5438 niorunr
1161 5383 1266 5451 jacula,
1286 5382 1381 5437 i'iliuru
1404 5382 1451 5437 Dei
1469 5385 1550 5438 ileum
1565 5401 1660 5440 rerum
1673 5400 1734 5441 esse
1747 5399 1842 5441 eonte-

1045 5477 1141 5529 stantia
1157 5476 1307 5542 vibravero,
1325 5490 1434 5530 neeesse
1453 5477 1537 5532 babeo
1561 5479 1630 5532 inter
1649 5490 1745 5534 crotera
1757 5482 1842 5537 etiam

1045 5567 1109 5622 illuri
1124 5583 1270 5638 opponere,
1285 5567 1355 5637 quoti
1368 5569 1395 5622 ia
1405 5569 1598 5623 riariiitttciioem
1610 5569 1742 5624 bominum
1755 5571 1842 5640 [octus

1046 5660 1094 5729 sit,
1108 5668 1132 5714 et
1147 5658 1237 5714 babitu
1251 5659 1366 5713 iuuentus
1383 5670 1409 5714 rt
1424 5665 1498 5716 tremo
1509 5660 1622 5732 (Piriiip.
1638 5678 1673 5730 n,
1689 5663 1727 5732 ⁸0⁷).
1745 5662 1775 5718 in
1789 5676 1841 5731 quo
