3774 6120
129 263 195 320 tttl
789 257 867 314 t'lts
890 259 920 316 S.
940 259 1112 318 suidttlut.
1700 273 1774 332 1192

124 388 233 446 elidem
248 370 387 442 ⁰¹¹Ji¹⁸i¹³¹b
405 365 743 440 bominis,quisett01lei
759 367 923 436 iifaediiessie
935 376 961 436 Α
974 370 1069 428 dentes
1092 372 1126 428 de
1141 372 1272 431 bauriaco
1294 377 1412 446 pacificis
1436 377 1669 448 dispositionibus,
1686 386 1775 442 bene·

124 479 268 522 contumax
293 480 341 520 sua
365 463 447 518 tutari
473 471 683 531 contempserat,
696 467 724 515 et
738 469 919 516 recesserunt.
976 464 1034 517 sola
1049 478 1109 518 cnm
1121 462 1204 534 llogis
1222 468 1351 522 societate
1365 469 1497 525 riserunt.
1514 472 1574 540 ipse
1595 490 1659 531 vcro
1675 477 1776 533 i'auta·

124 557 179 614 illis
191 567 281 612 autern
292 555 456 611 abeuntibus
466 554 539 608 cires
551 553 638 623 portis
648 551 762 623 egressi,
777 550 846 606 baud
859 567 921 622 pro·
975 555 1016 607 nis
1026 556 1126 624 degeris
1140 558 1167 611 in
1181 557 1291 626 aritiqoo
1304 574 1354 614 suo
1369 563 1542 631 utottasietin,
1558 581 1607 621 uec
1619 570 1774 626 admonete

126 651 197 706 cuia
213 649 296 704 moris
316 649 404 703 scalas
415 648 537 716 jacetstes
552 647 703 710 inueniunt,
718 660 784 714 quas·
798 645 831 698 ad
845 644 920 700 urbis
972 648 1096 715 populos,
1119 663 1170 703 ricc
1195 649 1344 719 praedicere
1370 651 1457 707 lutura
1482 656 1616 723 cessabat,
1641 673 1772 714 asserens

123 741 257 795 escidium
284 748 448 810 preparatas
472 737 579 793 barbari
610 736 777 806 uigilantium
801 736 920 792 clamore
973 737 1111 794 uniuersos
1132 741 1159 795 in
1179 742 1292 797 iiotnani
1318 743 1369 797 soli
1396 745 1560 811 proritteiam
1587 747 1691 820 absque
1712 752 1769 806 ello

125 833 225 888 turbati
245 833 271 886 io
287 839 366 886 tronto
386 831 563 899 jactaverant.
586 828 756 900 Quapropter
779 828 919 883 memorati
971 828 1101 884 libertatis
1111 832 1271 901 ntigraturos
1289 834 1474 891 incommodo.

124 926 200 978 rives
215 925 348 978 retriasna
368 920 469 976 Christi
484 920 584 974 lamoio
608 921 789 990 precabantur
812 919 919 973 bumili-
1005 921 1163 980 itt-iisdem
1179 925 1344 994 temporibus
1356 927 1496 1000 odobagar
1507 946 1553 985 res
1570 943 1665 987 sancto
1680 933 1768 990 sore.

124 1021 177 1077 ter‚
193 1014 353 1067 consulentes
376 1011 461 1067 corda
483 1025 531 1065 sua
557 1010 691 1079 lapidibus
713 1025 774 1066 esse
796 1010 917 1077 duriora,
972 1014 1031 1070 rino
1055 1013 1200 1071 lautitiarcs
1224 1017 1327 1074 litteras
1347 1020 1482 1091 dirigens,
1505 1024 1528 1076 si
1552 1040 1604 1094 qna
1629 1028 1766 1094 speranda

124 1107 169 1175 qui
197 1106 276 1161 rebus
300 1105 478 1174 presentibus
507 1117 674 1174 agnoverunt
692 1104 720 1157 in
744 1102 919 1159 sanctonico
970 1105 1088 1170 duceret,
1109 1107 1189 1163 dabat
1213 1112 1369 1180 suppliciter
1393 1113 1541 1181 optionem,
1568 1131 1674 1170 memor
1689 1119 1766 1173 iilius

125 1196 237 1266 stillim
264 1197 378 1265 viguisse
393 1193 594 1264 propheticam,
614 1202 696 1263 atque
710 1192 737 1247 in
753 1208 806 1247 uuo
830 1193 885 1262 imp
895 1214 919 1234 ··
970 1198 1091 1266 praesagii
1117 1212 1170 1268 quo
1194 1214 1255 1254 eum
1280 1211 1453 1268 expresserat
1478 1204 1612 1275 quondam
1636 1218 1765 1276 regnatu-

124 1301 151 1339 ιιι
168 1286 320 1356 issetplebs
343 1283 500 1340 inobediens
519 1285 645 1339 universa
660 1283 776 1354 captiva,
793 1282 844 1336 nisi
858 1297 918 1338 eam
970 1304 1040 1343 rum.
1056 1289 1149 1346 Tasitis
1163 1292 1252 1363 itaque
1266 1305 1376 1349 sanctus
1391 1295 1515 1366 alloquiis
1531 1299 1667 1365 inanitates,
1692 1301 1767 1355 Ant-

123 1376 234 1432 lberam
256 1375 305 1430 riri
326 1375 373 1430 liei
399 1381 527 1429 consueta
553 1382 741 1428 consessasset
755 1375 853 1440 oratio,
874 1372 917 1428 ia·
970 1378 1089 1434 brosiunt
1111 1381 1254 1449 quemdam
1269 1384 1437 1440 exsulantem
1453 1397 1529 1456 rogat
1543 1389 1655 1444 absolsi.
1678 1390 1764 1459 Catius

123 1468 192 1523 ⁰⁰b⁰
213 1466 334 1536 ³P⁰S¹⁰¹⁰
359 1472 536 1534 immistis
559 1462 691 1530 Minimo
717 1461 823 1534 inquit,
849 1463 919 1519 salet
970 1470 1111 1541 odobagar
1133 1473 1343 1543 gratulabundus
1359 1477 1445 1547 paruit
1466 1478 1615 1549 imperatis.
1638 1482 1765 1548 Qtrodam

123 1560 278 1631 deimm
294 1557 360 1629 1⁰⁵⁶
376 1557 493 1612 millii·
969 1563 1049 1617 etiam
1064 1565 1261 1634 temporedum
1283 1581 1462 1625 meinoratum
1477 1586 1566 1644 regem
1588 1575 1664 1628 multi
1684 1576 1766 1633 nobi·

158 1654 204 1709 ou.
221 1651 366 1708 Feletlaeus
379 1651 515 1721 liogorum
531 1664 589 1716 res,
604 1648 650 1720 qui
669 1657 697 1705 st
708 1648 791 1713 tara.
805 1645 918 1702 andum
971 1653 1010 1710 les
1026 1669 1116 1712 coram
1131 1659 1297 1730 sanctolriro
1313 1659 1441 1727 bumana,
1457 1672 1487 1719 ut
1501 1661 1558 1718 ueri
1571 1665 1650 1734 solet,
1669 1667 1765 1723 adula-

123 1755 280 1802 couctorum
293 1744 420 1813 reliquias
431 1742 604 1812 oppidorum,
615 1755 676 1808 qnae
686 1739 843 1796 barbaricos
856 1753 917 1794 era·
933 1755 957 1817 lt
971 1745 1045 1802 tiriae
1059 1747 1211 1818 torsissent,
1234 1749 1381 1821 interrogat
1396 1767 1477 1823 quem
1496 1769 1586 1825 regem
1602 1758 1682 1812 tantis
1696 1775 1768 1828 prae-

121 1848 212 1892 serant
225 1835 339 1906 gladios,
353 1835 510 1889 Lauriacum
522 1848 609 1905 seper
620 1833 667 1889 ilei
678 1832 807 1888 iamuium
823 1842 918 1888 contu·
968 1839 1055 1892 contis
1081 1840 1280 1904 protulisseuti
1309 1841 1544 1913 ilespondcntibus
1574 1849 1765 1922 ildebagaroru

123 1928 197 1991 ttae,
215 1936 354 1994 assumpto
369 1925 493 1981 veniebat
514 1925 645 1991 exercitu,
660 1924 782 1992 cogitans
806 1930 918 1994 repente
967 1944 1069 1999 regens,
1096 1931 1248 2004 odobagar,
1274 1935 1371 2006 inquit,
1387 1936 1491 2009 integer
1506 1941 1575 1995 inter
1590 1943 1721 1999 tredecim
1738 1958 1766 2002 er

124 2021 249 2073 detentos
261 2016 442 2083 abducere,ct
454 2017 480 2069 iu
493 2014 600 2084 oppidis
613 2014 664 2070 sibl
679 2013 827 2069 tributariis
837 2022 918 2080 atque
966 2021 1168 2090 quatuordeeim
1197 2041 1297 2091 annos,
1327 2027 1450 2086 uidelicet
1477 2032 1598 2103 integros
1624 2038 1764 2104 regnabit;

127 2108 224 2165 vicinis
237 2109 282 2179 (θ’
297 2107 393 2177 quibus
408 2121 489 2162 unum
508 2115 565 2161 erat
582 2105 739 2176 ‘larianisi
754 2120 838 2176 quaes
860 2105 912 2158 iiu-
968 2110 1048 2166 linem
1064 2128 1129 2169 sero
1144 2115 1220 2185 regni
1235 2116 1293 2186 eius
1310 2118 1480 2188 signiticans;
1495 2123 1505 2154 ⁸
1519 2134 1546 2179 et
1561 2123 1604 2180 bis
1623 2125 1705 2183 dictis
1719 2129 1766 2183 ad·

122 2201 163 2271 gis
179 2197 366 2256 tantummodo
385 2197 582 2254 dirimebantur
609 2196 743 2264 danubio,
769 2197 916 2252 collocare.
965 2202 1041 2271 jecit,
1055 2205 1134 2260 citius
1146 2206 1207 2262 ilios
1218 2207 1289 2277 quod
1304 2209 1362 2278 ipse
1376 2210 1540 2281 praedixerat
1553 2216 1727 2284 probaturos.

120 2289 301 2359 Quamobrem
323 2291 441 2362 graviter
455 2290 574 2346 uttirersi
589 2289 700 2354 turbati,
722 2296 848 2344 sanctum
868 2289 915 2344 Se·
1283 2342 1435 2401 cmm

122 2383 245 2437 recinunt
268 2382 359 2438 adiere
384 2381 554 2452 suppliciter,
571 2390 601 2436 ut
625 2381 652 2436 in
680 2397 822 2437 occursum
849 2383 917 2453 regis
1438 2386 1445 2400 '

121 2475 275 2544 agrestio-os,
291 2476 350 2544 citu
376 2477 495 2529 astianum
519 2477 665 2546 utitigaret.
686 2473 734 2529 Cui
758 2483 813 2529 tota
840 2486 918 2530 noete
1009 2453 1191 2526 AEiiiffldi'w
1203 2466 1287 2523 cerat,
1303 2457 1417 2528 vilicum
1432 2461 1548 2530 diffidi
1560 2473 1585 2517 θ’
1598 2463 1715 2534 didimi·

126 2567 269 2633 icstinans,
285 2567 311 2620 iu
327 2565 456 2622 riccsitno
471 2567 505 2622 ab
530 2566 596 2623 urbe
620 2566 747 2622 milliario
770 2567 915 2623 matutinus
1003 2562 1048 2617 lt.
1066 2566 1107 2620 ab
1130 2565 1288 2636 oppidaneis
1311 2569 1569 2642 Comagcncnsibus,
1594 2577 1665 2646 apud
1685 2593 1763 2648 ‘quos

120 2655 248 2713 occurrit.
265 2657 320 2712 lies
332 2672 398 2729 ergo
421 2656 566 2713 adrentum
581 2656 640 2726 ejus
659 2657 782 2728 protinus
802 2670 918 2726 espace·
969 2654 1085 2725 primurn
1097 2656 1231 2726 quondam
1248 2658 1403 2716 innotuerat
1418 2665 1510 2719 inatus
1525 2664 1680 2735 Severinus,
1696 2684 1763 2739 sup·

120 2761 210 2815 mens,
227 2747 375 2804 testabatur
389 2748 416 2803 ill
430 2763 461 2802 us
475 2763 504 2804 se
518 2746 675 2820 latigatioue
690 2748 833 2818 plurimum
849 2763 918 2818 prte-
970 2746 1073 2816 pliciter
1102 2760 1212 2820 rogatus
1236 2750 1354 2808 advenit.
1379 2753 1461 2824 Citius
1482 2768 1619 2828 comperta
1642 2776 1764 2829 praeseu-

119 2849 269 2912 graratum,
286 2855 392 2896 causam
405 2843 553 2912 repentina
573 2841 706 2898 cursionis
727 2842 851 2911 inquirit.
868 2839 917 2897 Cui
969 2838 1017 2903 tia,
1033 2853 1102 2893 unus
1116 2853 1148 2892 ex
1166 2840 1341 2909 optimatibus
1361 2841 1482 2900 Peletbei
1500 2847 1571 2918 regis
1585 2848 1668 2904 litium
1683 2865 1763 2907 suum

120 2945 215 2988 sersus
230 2930 288 2999 ilei,
305 2934 358 2987 Pas
374 2930 434 2999 tibi,
449 2933 544 3004 inquit,
557 2934 659 3003 optime
678 2947 726 2989 rcx
741 2950 748 2987 :
764 2932 867 2988 Christi
879 2932 919 2987 ic·
968 2928 1169 2984 adolescenitm
1189 2928 1318 2985 dindimi)
1337 2931 1465 2999 'animle
1480 2946 1619 3003 velitum,
1646 2939 1689 2991 ‘¹¹5
1709 2939 1764 3008 itm

120 3034 198 3093 gatus
219 3023 343 3092 aduenio,
360 3023 473 3080 subditis
495 3026 600 3080 reniam
626 3033 795 3095 precaturos.
818 3024 918 3080 liecole
969 3021 1248 3093 parabatesseqaias,
1264 3025 1410 3093 transjecto
1430 3023 1563 3096 danubio,
1577 3027 1689 3096 pedibus
1705 3032 1765 3098 ejus

119 3116 244 3189 gratiam,
268 3116 358 3172 diuina
384 3116 513 3173 beneticia
539 3116 695 3185 recordare,
719 3118 817 3186 quibus
840 3126 916 3188 pater
929 3115 953 3181 c
968 3113 1091 3182 projecit,
1108 3123 1135 3169 et
1151 3115 1324 3186 lacrymans:
1340 3115 1438 3183 Credo,
1454 3117 1549 3187 inquit,
1565 3117 1646 3173 bomo
1662 3121 1721 3189 lici,
1739 3132 1766 3177 te

120 3220 181 3267 tuus
196 3224 226 3267 se
241 3211 395 3282 frequenter
407 3212 490 3267 sentit
504 3211 637 3282 adjutum.
647 3210 712 3266 Nam
724 3210 827 3266 conctis
840 3208 915 3280 tegni

119 3302 161 3358 sui
176 3302 342 3372 temporibus
354 3301 419 3357 nihii
432 3317 476 3359 me
492 3302 646 3357 inconsulto
661 3316 756 3374 gerere
769 3315 916 3371 praesume·

119 3395 175 3451 bat.
190 3396 240 3462 Qui
265 3395 377 3448 monitis
392 3407 444 3448 non
470 3395 599 3450 resistens
614 3393 790 3458 salutaribus,
811 3391 916 3447 crebris

119 3481 344 3553 prosperitatibus
359 3483 527 3551 recognovit,
542 3482 636 3550 quanti
649 3483 750 3535 valeret
765 3481 916 3536 obedientis

120 3575 245 3638 anlsttos,
270 3581 454 3642 quantunque
479 3570 721 3642 triorupbaloribus
748 3568 833 3640 prosit
858 3570 915 3625 suis

119 3681 173 3736 pon
188 3673 291 3720 tunscre
307 3663 437 3718 uictoriis.
455 3662 489 3717 Et
510 3675 556 3718 rex
572 3659 680 3732 iuquitt
697 3659 773 3716 dunc
787 3660 914 3730 populeos

120 3773 170 3828 pro
186 3773 239 3827 quo
254 3756 402 3812 beneroles
416 3763 540 3825 pro-atu
555 3752 674 3821 accedis,
689 3768 742 3808 non
755 3753 840 3822 patiar
853 3752 915 3806 ilia·

122 3866 284 3906 tirannorum
300 3859 346 3904 aut
360 3847 582 3919 'Tituriugorum
606 3845 760 3916 iniquorum
783 3858 854 3898 sera
868 3843 915 3899 de·

122 3943 290 4012 prsedatioue
304 3940 414 4007 vastari,
434 3941 476 3995 sci
492 3938 581 4008 gladio
602 3935 739 4003 trucidari,
756 3940 802 3988 tut
816 3934 844 3988 in
859 3947 916 3989 ser·

121 4036 214 4090 sitium
229 4033 325 4104 redigi,
339 4048 400 4087 eunt
423 4032 477 4086 sint
491 4029 570 4085 nubis
590 4027 688 4098 oppida
707 4034 735 4081 ct
756 4024 866 4080 catella
887 4022 915 4078 in

120 4131 219 4201 quibos
232 4129 349 4184 debcant
362 4126 491 4182 ordinari.
502 4122 551 4179 Cui
566 4135 662 4178 serttts
675 4118 776 4175 Citristi
789 4126 915 4172 constan·

120 4230 163 4278 ter
184 4222 222 4277 ita
244 4219 404 4290 respondit:
421 4216 546 4286 linnquid
571 4228 635 4269 arcu
650 4221 697 4268 tuo
709 4220 737 4267 et
752 4208 840 4281 gladio
864 4208 913 4263 bo·

121 4315 209 4370 artinas
225 4315 267 4368 isti
288 4327 303 4367 a
324 4310 479 4381 praedonum
495 4306 644 4362 vastatione
668 4303 830 4359 creberrima
852 4312 923 4357 sunt

117 4407 215 4476 erepti,
232 4416 258 4461 et
274 4417 327 4460 non
349 4401 437 4472 potius
458 4398 506 4453 bet
530 4411 654 4463 munere,
668 4405 697 4450 ut
713 4394 760 4451 tibi
778 4393 915 4463 paulisper

969 3201 1026 3259 lilio
1040 3217 1101 3260 meo
1116 3204 1234 3261 velocem
1256 3205 1403 3276 impetrare
1421 3207 1547 3263 divinitus
1563 3224 1643 3279 posse
1662 3211 1765 3268 sanita·

968 3303 1033 3349 tem.
1047 3293 1122 3350 Tunc
1136 3295 1199 3350 dota
1211 3296 1344 3365 oratione,
1360 3299 1405 3368 qui
1426 3298 1570 3354 sertrisisus
1589 3301 1687 3356 aliatus
1703 3302 1761 3358 iuc-

969 3396 1020 3452 rat‚
1037 3387 1127 3441 statim
1142 3395 1217 3454 patre
1231 3389 1345 3445 mirante
1360 3391 1487 3458 surrexit,
1499 3400 1526 3446 ct
1540 3392 1659 3462 perlecta
1677 3395 1764 3464 proti·

967 3490 1018 3530 uus
1033 3478 1177 3533 reuertitur
1190 3479 1314 3535 sanitate.
1346 3482 1350 3489 '

1003 3570 1048 3625 ld.
1063 3572 1272 3640 dlepltantiosns
1285 3573 1407 3645 qnidam,
1421 3574 1432 3606 ⁴
1445 3574 1510 3631 Telo
1526 3577 1645 3641 nomiae,
1656 3578 1692 3633 de
1702 3579 1761 3634 ion-

967 3660 1072 3734 ginquis
1088 3661 1246 3734 regionibus
1268 3662 1355 3718 sancti
1370 3663 1492 3720 Severini
1516 3665 1644 3721 itaritatus
1659 3669 1763 3724 uirtuti·

968 3753 1018 3808 bus
1033 3754 1116 3820 venit,
1130 3753 1295 3825 ngausejus
1314 3755 1479 3810 orationibus
1494 3756 1627 3811 mundari.
1644 3762 1762 3830 Acerpto

967 3846 1058 3916 itaquo
1069 3864 1101 3903 es
1114 3863 1189 3904 more
1200 3856 1345 3918 praecepto,
1357 3846 1467 3917 jubetur
1480 3847 1563 3902 Denuo
1576 3850 1659 3906 totius
1670 3856 1763 3922 gratia

967 3936 1122 4006 largitorem
1144 3941 1203 3994 s'ue
1222 3941 1373 3994 cessatione
1399 3939 1611 4009 lacrymabiliter·
1635 3957 1762 3998 exorare.

966 4027 1035 4094 Quid
1052 4028 1151 4096 plural
1166 4029 1294 4085 Precibus
1307 4029 1376 4084 beati
1388 4029 1438 4084 riri
1450 4029 1520 4084 ident
1536 4030 1659 4098 leprosus
1673 4033 1762 4087 diuina

966 4121 1144 4188 opitulatione
1159 4120 1314 4190 mundatus,
1326 4120 1390 4175 dum
1401 4131 1549 4175 commutat
1559 4137 1648 4177 maeres
1664 4124 1691 4177 in
1706 4139 1762 4180 tric·

967 4210 1028 4277 lius,
1040 4220 1144 4268 uiolare
1157 4212 1255 4268 meruit
1269 4220 1296 4268 ct
1310 4213 1440 4277 colorem,
1453 4212 1533 4282 loqu
1544 4218 1638 4268 aternu
1650 4231 1763 4286 magna-

965 4305 1000 4361 lia
1012 4315 1065 4361 tam
1079 4307 1134 4362 suis
1148 4321 1225 4377 quatu
1241 4307 1416 4378 plurimorum
1430 4307 1541 4363 uocibus
1556 4307 1636 4378 longe
1649 4308 1757 4380 iateque

966 4399 1138 4455 deriuatians.

118 4500 232 4570 obsequi
258 4499 364 4552 rarleam
386 4492 532 4549 reservati?
546 4490 623 4546 Nunc
637 4503 713 4559 ergo,
729 4502 777 4542 res
801 4486 911 4556 optime,
932 4499 955 4558 p
1002 4491 1046 4546 li.
1063 4492 1074 4524 ⁸
1090 4492 1212 4548 lienosos
1235 4507 1342 4564 quoque
1361 4493 1508 4549 monachos
1532 4492 1603 4549 beati
1625 4494 1760 4558 serenat,

120 4591 262 4647 consilium
273 4602 362 4644 meurn
376 4601 409 4642 ue
422 4597 544 4654 respuas,
558 4580 620 4637 lidci
634 4594 700 4636 tricae
712 4580 761 4634 isos
772 4578 910 4633 comittitte
966 4582 1099 4638 barbarus
1110 4598 1221 4654 genere,
1239 4585 1285 4655 qui
1299 4586 1435 4655 responsis
1445 4585 1503 4654 ejus
1518 4584 1679 4653 triburensi,
1697 4601 1760 4641 uoq.

120 4681 270 4750 subjectos,
285 4693 319 4734 ne
335 4678 399 4733 tartti
421 4675 556 4732 exercitus
575 4671 760 4742 compulsione
776 4679 915 4724 vastentur
966 4675 1244 4735 lrrrrrrnirnhorilltrata
1258 4679 1400 4749 plurimum
1417 4687 1612 4749 pregravatus,
1627 4677 1759 4732 medi-iarn

120 4772 314 4842 potiusquam
341 4769 500 4841 migrentur.
516 4765 630 4821 Conitdo
653 4762 725 4820 enim
749 4762 776 4815 in
800 4759 913 4814 llomirto
964 4768 1017 4824 5qu
1042 4769 1165 4839 pfoegqafp
1188 4769 1248 4841 ,jug
1271 4772 1393 4827 onnon,
1416 4770 1553 4840 poneba,
1576 4785 1648 4840 we
1674 4769 1761 4825 serem

119 4879 194 4929 ¹¹²⁰⁰a
209 4860 280 4934 ii¹¹⁰i¹
308 4860 366 4930 ⁵9⁵⁰
389 4862 433 4930 qui
450 4876 493 4916 ¹¹¹0
508 4859 572 4916 Ῐθθίῑ
597 4858 691 4913 h⁰i¹¹m
715 4854 913 4910 calamitatibus
967 4859 1129 4914 adventitios
1143 4869 1170 4916 et
1181 4871 1308 4917 esterttos
1324 4863 1450 4917 salutaris
1469 4863 1563 4931 gratiae
1577 4861 1681 4917 sentire
1693 4877 1760 4930 pra.-

121 4960 261 5021 interesse,
278 4955 304 5009 iu
320 4952 449 5010 ducendis
463 4952 503 5008 eis
525 4952 649 5008 idoneum
664 4949 743 5006 iaciet
766 4950 912 5017 promisso-
965 4953 1043 5019 sidia,
1059 4953 1163 5023 sibique
1178 4954 1278 5010 nullam
1294 4952 1473 5009 censediorum
1488 4968 1568 5026 opem
1592 4953 1760 5025 aliquatenus

119 5066 190 5106 roan.
206 5050 253 5106 ilis
267 5047 377 5113 auditis,
393 5061 442 5102 res
467 5046 597 5101 modestis
621 5043 825 5115 allegationibus
841 5041 912 5097 tuiti·
966 5042 1098 5099 exbiberi.
1114 5042 1163 5099 Cui
1178 5046 1333 5101 servusdei
1351 5063 1358 5099 z
1376 5045 1433 5102 lion
1446 5045 1504 5113 tibi,
1527 5044 1625 5116 inquit,
1641 5043 1759 5113 expedit,

119 5156 208 5216 gatus,
222 5161 283 5202 cum
306 5159 357 5200 suo
383 5141 513 5198 remearit
539 5141 668 5196 exercitu.
691 5138 773 5208 igitur
798 5136 911 5191 Rttntaoi
967 5134 1017 5200 itii,
1042 5138 1180 5205 corporeis
1200 5136 1346 5192 luminibus
1361 5136 1446 5192 aciem
1463 5136 1564 5194 babere
1578 5135 1758 5206 perspicuant,

121 5252 189 5308 quos
198 5236 225 5292 iu
238 5252 285 5292 sua
299 5245 408 5292 sattctus
419 5229 564 5290 &serious
578 5230 631 5287 lide
641 5235 808 5299 susceperat,
827 5226 915 5283 disce·
967 5239 994 5283 et
1017 5229 1160 5284 exterioris
1183 5228 1255 5284 oculi
1280 5229 1383 5284 clarent
1409 5227 1538 5299 praeferre
1562 5238 1758 5300 conspectum:

999 5407 1009 5438 ⁸
1021 5404 1147 5462 velserus
1159 5406 1259 5461 mavult
1271 5405 1491 5476 Tuscilinpornm.

999 5475 1010 5507 ⁸
1026 5476 1074 5531 ilie
1088 5478 1187 5544 aliquid
1202 5478 1299 5533 deesse
1312 5479 1464 5550 suspicatur
1477 5480 1614 5539 velserus.

998 5544 1098 5613 *sum
1117 5546 1222 5618 Tirsgt'o.

998 5617 1092 5687 ‘Snrq
1102 5616 1197 5674 ilonea.
1210 5617 1268 5675 eos.
1286 5618 1321 5677 de
1330 5618 1429 5688 Natal,
1442 5619 1540 5678 uarias

155 5420 240 5504 ¹.N⁰¹¹.
256 5415 433 5501 taruenubine
451 5412 572 5483 sequitur
593 5407 664 5492 quod
685 5408 793 5479 scripsit
811 5407 911 5463 Larius

119 5490 409 5620 littliiitiltit
422 5486 580 5611 iiiito
595 5480 849 5619 titillabit
858 5479 910 5601 lt:

119 5633 218 5686 bebant
237 5628 385 5690 tributaria,
408 5627 449 5682 tel
464 5641 495 5683 ea
510 5635 588 5699 pacto
606 5621 743 5692 stipendio
767 5618 910 5674 tuebantur

117 5707 213 5756 cetura
227 5700 294 5756 aiios
308 5698 448 5755 barbaros.

896 5824 922 5839 ‘¹
