3774 6120
173 294 240 351 tun

830 286 909 344 i'le
928 287 958 344 S.
978 287 1148 344 severum.

1740 289 1813 349 {lbi

172 424 226 470 tem
249 429 309 484 epus
333 430 386 469 nnn
410 414 540 484 potuisset
562 411 682 481 agnosci.
710 409 766 478 Ego
790 416 879 464 tamen
904 405 961 460 ltrcc
975 399 1001 460 Α
1016 403 1119 475 lrngunt
1131 403 1251 459 decimas
1266 403 1426 474 pauperibus
1438 404 1608 460 distulerant.
1620 405 1726 473 Quibus
1740 405 1813 463 lame

171 520 233 576 qnae
262 507 340 561 retuli
366 507 447 560 llarci
476 504 630 560 subdiaconi
653 510 680 557 ct
705 500 816 556 ltaterrn
838 497 963 569 janitoris

174 595 305 651 relatione
321 597 446 664 cognovi.
473 595 538 649 Nam
554 594 697 663 presbyter
711 601 739 647 et
754 592 882 645 diaconus
897 589 964 644 tanti

173 693 255 741 testes
271 689 400 754 miraculi,
421 696 482 742 aute
496 697 618 743 sanentur
633 686 733 753 virum,
748 685 789 739 cni
803 684 964 753 juraverant

173 778 240 833 nulli
254 793 284 834 se
296 779 367 846 qnod
379 780 500 834 videraut
511 779 675 849 prodittuos,
689 777 788 832 obiisse
800 783 961 831 noscuntur.

480 909 593 966 citent
611 910 656 965 vt.

324 1021 453 1094 Captivos,
467 1040 603 1095 pauperes,
617 1025 729 1094 afflictos
738 1024 822 1092 inunt.

206 1135 253 1192 25.
272 1135 381 1192 Talibus
403 1138 483 1206 igitur
506 1139 600 1192 beatus
623 1137 768 1193 severinus
792 1152 839 1206 per
863 1133 962 1190 illtristi

171 1228 284 1296 gratiam
308 1227 451 1297 opulentus
478 1226 655 1293 muneribus,
691 1227 857 1297 captivorum
883 1228 962 1280 etiam

172 1336 373 1392 egenorumque
388 1330 488 1376 tantam
500 1335 591 1376 euram
604 1321 719 1389 ingenita
733 1320 783 1375 sibi
795 1324 893 1389 pietate
904 1335 965 1374 sus-

172 1423 295 1481 ceperat,
318 1423 346 1468 nt
368 1429 435 1483 pene
457 1429 554 1496 rumnes
579 1428 626 1483 per
648 1414 776 1467 uniuersa
802 1410 900 1482 oppida
922 1412 962 1465 rel

171 1504 282 1557 castella
292 1519 435 1573 pauperes,
451 1505 534 1572 ipsius
550 1504 680 1559 industria
697 1510 889 1572 pascerentur:
903 1501 962 1570 qui·

172 1593 222 1647 bus
247 1604 298 1647 tarn
320 1595 379 1648 icero
406 1595 588 1650 sollicitudine
609 1593 788 1657 ministrabat,
805 1604 832 1646 ut
849 1601 912 1647 tnnc
933 1605 963 1644 se

170 1684 295 1739 crederet
319 1685 503 1740 {antummodo
523 1685 648 1750 saturari,
674 1684 714 1739 vel
730 1683 867 1738 abundare
887 1681 963 1735 brtnis

1019 495 1185 562 constrictis,
1194 495 1250 566 jann
1274 497 1426 552 maturitate
1447 499 1573 552 messium
1589 498 1756 553 tiarcscente
1772 500 1812 554 vi-

1015 585 1076 640 eiua
1096 586 1216 640 subsidia
1239 587 1468 641 monstrabantur.
1485 591 1518 641 nt
1539 588 1584 642 ubi
1605 589 1743 657 rubiginis
1761 591 1811 642 inr-

1014 679 1128 747 provisrc
1154 679 1291 746 corruptio
1317 678 1437 746 frugibus
1462 681 1605 735 nociturna
1632 683 1808 750 comparuit,

1015 782 1076 822 xnox
1092 767 1125 821 ad
1141 768 1227 837 ipsum
1241 783 1392 824 convenere
1406 769 1544 838 prostrati,
1560 785 1655 839 poenas
1671 787 1728 826 suae
1739 787 1808 826 con·

1015 858 1140 912 tumaciae
1155 857 1324 914 conibentes.
1340 859 1414 914 lliles
1428 874 1493 915 vero
1505 859 1606 915 Citristi
1616 859 1704 917 sessos
1717 864 1807 918 verbis

1014 950 1197 1019 spiritualibus
1216 946 1350 1007 alleribat
1363 952 1456 1006 dicens
1468 969 1475 1006 :
1488 953 1518 1008 Si
1533 954 1653 1009 decimas
1663 956 1806 1010 obtulisse-

1016 1040 1049 1095 tis
1065 1041 1236 1110 paupcribus,
1254 1057 1307 1098 non
1327 1044 1414 1097 solutu
1437 1052 1539 1098 eterna
1554 1047 1680 1102 mercede
1700 1048 1806 1104 fruere·

1015 1133 1090 1196 mini,
1104 1148 1195 1187 verum
1211 1136 1292 1190 ctiam
1306 1136 1447 1191 commode
1458 1137 1573 1206 possetis
1587 1139 1725 1195 abundare
1738 1156 1807 1210 prcc-

1015 1223 1144 1278 soutibus.
1157 1223 1213 1278 Scri
1224 1225 1285 1294 qnia
1299 1225 1404 1295 culpam
1419 1226 1588 1283 conlessionc
1601 1231 1708 1298 propria
1724 1234 1806 1286 casti·

1012 1316 1093 1383 gatis,
1111 1315 1144 1371 dc
1160 1317 1266 1373 llonrini
1286 1317 1384 1388 pietate
1398 1319 1526 1389 polliceor
1540 1321 1612 1389 quod
1627 1322 1723 1392 rubigo
1735 1339 1804 1392 prae·

1015 1421 1077 1461 sens
1093 1418 1145 1461 tarn
1166 1408 1254 1464 valide
1273 1410 1380 1480 penitus
1401 1426 1455 1465 non
1480 1412 1604 1477 ttocebit;
1620 1421 1723 1469 tantum
1738 1417 1803 1472 bdes

1015 1505 1102 1549 restra
1124 1497 1236 1553 ulterius
1250 1513 1302 1553 uon
1315 1500 1432 1554 vacillet.
1452 1501 1550 1556 Verum
1563 1503 1636 1558 ciues
1654 1505 1687 1557 ad
1704 1507 1806 1574 persol-

1014 1586 1115 1641 vcudas
1139 1603 1171 1643 et
1187 1589 1231 1643 illa
1253 1590 1298 1644 die
1323 1589 1441 1645 decimas
1458 1591 1515 1647 brec
1531 1596 1673 1661 promissio
1689 1597 1806 1653 reddidit

1016 1679 1205 1746 promptiores.
1220 1678 1306 1746 Tunc,
1332 1690 1363 1735 ut
1383 1683 1497 1749 solebat,
1523 1684 1644 1741 lrortatus
1666 1696 1707 1743 est
1727 1689 1805 1746 indici

171 1776 294 1830 onrnibus
310 1775 416 1846 qrtando
437 1777 543 1832 videbat
562 1777 698 1846 egentium
721 1790 834 1845 corpora
854 1784 961 1828 susten·
979 1767 1144 1837 bitinniam
1160 1785 1231 1839 :quo
1252 1771 1372 1842 expleto,
1395 1773 1516 1842 placidus
1544 1775 1629 1832 imber
1656 1778 1808 1849 desperata,

174 1867 235 1920 tari.
252 1866 285 1920 Et
295 1881 354 1921 cnm
367 1866 424 1934 ipsc
436 1866 662 1922 hebdomadorum
677 1867 838 1922 erumnam
851 1864 962 1937 jejuniis

173 1957 284 2010 minime
305 1956 485 2026 frangeretur,
516 1967 604 2012 tamen
632 1959 722 2012 esurie
750 1957 907 2010 miscrorum
932 1969 962 2010 se

170 2043 297 2099 credebat
316 2046 454 2102 alliictnm.
472 2046 555 2116 Cujus
575 2049 745 2117 largitionem
769 2057 823 2100 tam
847 2047 917 2116 piant
935 2047 960 2099 in

168 2121 303 2203 ‘pauperes
325 2136 431 2206 plurimi
452 2139 677 2208 contemplantes,
696 2140 819 2208 qnanrris
841 2154 872 2192 cx
894 2137 962 2192 duro

170 2227 346 2283 barbarorum
373 2231 485 2300 imperio
515 2230 592 2287 lamis
621 2232 758 2302 angustias
781 2232 960 2302 sustinerent,

171 2319 344 2377 dovotissime
368 2333 454 2378 tamen
475 2323 579 2391 trogum
603 2339 710 2379 snarurn
725 2324 843 2381 decimas
864 2340 963 2395 paupe·

172 2411 247 2466 ribus
261 2413 461 2483 impendebant.
477 2416 552 2482 Quod
565 2417 718 2472 mandatum
734 2419 796 2475 licet
808 2420 911 2474 cunctis
928 2435 962 2475 ex

173 2499 231 2570 lege
244 2503 411 2558 notissimum
423 2506 469 2571 sit,
485 2515 574 2562 tamen
588 2509 666 2578 quasi
681 2523 713 2562 ex
730 2524 777 2565 ore
796 2510 882 2581 angeli
895 2525 962 2582 prac-

173 2593 258 2648 scntis
275 2593 407 2661 audirent,
428 2597 539 2665 grauiam
566 2599 711 2656 devotione
732 2601 884 2656 servabant.
902 2602 962 2657 Fri-

171 2697 221 2752 gus
239 2679 345 2754 quoqne
365 2688 406 2741 vir
435 2676 606 2744 Dei'tantum
627 2690 653 2745 in
676 2692 797 2748 nuditate
815 2708 961 2765 pauperum

172 2776 467 2849 sentiebatzsiqoidem
489 2783 641 2852 specialiter
665 2798 681 2840 a
703 2785 757 2861 lico
778 2795 959 2856 perceperat,

172 2880 203 2925 ut
217 2871 243 2925 in
258 2870 427 2943 [rigidissima
442 2874 564 2945 regione,
576 2877 691 2933 ntirabili
705 2877 866 2933 abstinentia
881 2880 962 2935 casti·

174 2973 263 3032 gatus,
278 2963 354 3019 tortis
370 2976 397 3020 ot
415 2966 505 3021 alacer
519 2976 700 3037 permaneret.
716 2969 769 3043 ¹Pro
788 2969 899 3025 decimis
918 2987 962 3026 att·

175 3062 239 3119 tem,
262 3062 291 3108 ut
305 3055 431 3122 diximus,
455 3056 562 3124 dandis,
578 3059 676 3129 quibus
697 3075 829 3131 pauperes
852 3063 961 3119 aleren-

1014 1861 1110 1915 messis
1123 1864 1273 1932 amputavit
1288 1863 1470 1920 incommoda.

1047 1952 1237 2009 antianum
1265 1956 1415 2026 appellatur
1437 1958 1575 2028 oppidum,
1597 1960 1669 2014 inter
1691 1971 1803 2032 utraque

1015 2041 1144 2110 flumina,
1169 2045 1274 2100 OEnnm
1290 2046 1413 2102 videlicet
1429 2058 1508 2118 atque
1531 2050 1682 2104 Danubium
1704 2054 1805 2106 consti-

1014 2143 1113 2199 lutum,
1136 2136 1179 2191 nbi
1197 2138 1290 2193 beatos
1306 2139 1451 2196 Sererinus
1464 2141 1588 2196 cellulam
1613 2143 1705 2212 paucis
1725 2145 1804 2201 solito

1013 2242 1088 2284 more
1102 2229 1277 2298 innodaverat,
1292 2247 1326 2288 eo
1341 2233 1410 2301 quod
1427 2234 1484 2303 ipse
1499 2234 1560 2289 illuc
1575 2236 1676 2304 saepius
1695 2249 1803 2308 rogatus

1013 2337 1028 2377 a
1043 2322 1148 2380 civibus
1169 2324 1308 2380 adveniret
1322 2369 1329 2388 ,
1355 2326 1471 2382 maxime
1493 2335 1601 2397 propter
1615 2327 1625 2359 ⁸
1641 2329 1805 2385 Alainarmo-

1013 2431 1072 2470 rum
1104 2417 1230 2472 incursus
1256 2416 1398 2486 assiduos,
1433 2432 1546 2488 quornm
1574 2421 1645 2475 rer⁷
1674 2420 1805 2477 Gibuldus

1013 2522 1116 2563 suntuna
1136 2523 1196 2563 eum
1211 2509 1361 2564 reverentia
1375 2508 1514 2579 diligebat.
1530 2512 1579 2578 Qui
1590 2527 1606 2567 e
1618 2512 1671 2565 iarn
1686 2514 1804 2582 quodam

1014 2607 1135 2669 tempore
1158 2600 1191 2654 ad
1212 2614 1273 2655 eum
1290 2600 1433 2655 ridendum
1447 2602 1458 2634 ⁸
1473 2601 1658 2659 desideranter
1675 2608 1804 2671 occurrit,

1013 2691 1054 2745 cui
1070 2701 1177 2746 sanctus
1191 2691 1307 2761 obviant,
1325 2707 1358 2746 ne
1381 2692 1496 2748 adventu
1512 2709 1561 2748 suo
1583 2710 1642 2750 eam
1666 2699 1804 2751 civitatem

1012 2790 1207 2852 praegravaret,
1232 2797 1358 2854 egressus
1381 2791 1570 2855 est,tantaque
1593 2788 1746 2842 constantia
1763 2803 1806 2843 rc-

1013 2886 1073 2943 gem
1085 2874 1216 2929 allocutos
1228 2884 1279 2940 cst,
1297 2885 1325 2928 ut
1338 2883 1454 2931 tremere
1465 2891 1554 2931 cruram
1568 2891 1601 2932 eo
1615 2879 1806 2936 venementius

1014 2969 1148 3035 coepcrit;
1173 2964 1220 3019 sed
1243 2974 1271 3021 et
1286 2977 1377 3035 postca
1403 2967 1460 3022 suis
1480 2968 1642 3024 exercitibus
1667 2970 1806 3039 indicavit,

1014 3071 1151 3127 nunquam
1174 3071 1203 3112 se
1225 3072 1274 3112 neo
1295 3073 1324 3112 rc
1345 3056 1441 3113 bellica
1466 3074 1515 3115 nce
1536 3060 1626 3130 aliqua
1650 3060 1806 3128 tormidine,

173 3147 245 3212 tur,¹
260 3145 348 3201 Norici
368 3150 493 3218 quoqne¹
510 3149 679 3220 presbyteros
693 3152 782 3205 missis
800 3151 959 3208 ctbortaba·
975 3160 998 3223 (ζ
1016 3159 1090 3205 tanto
1113 3158 1230 3204 tremore
1251 3149 1333 3205 luisse
1356 3164 1529 3209 concussum.
1556 3150 1678 3223 Cumque
1703 3155 1749 3210 ner
1768 3156 1808 3210 la-

154 3291 155 3295 ,
173 3246 216 3291 tur
230 3239 361 3305 epistolis.
377 3239 415 3294 Ex
437 3256 487 3310 qua
503 3241 697 3298 consuetudine
718 3258 779 3299 cum
806 3244 960 3299 nonnullam

171 3329 204 3382 ad
228 3345 288 3383 euru
315 3331 510 3400 erogandarum
526 3332 640 3387 vestium
660 3334 764 3403 copiam
787 3336 960 3403 direxissent,

175 3421 348 3491 interrogavit
363 3438 410 3477 ens
425 3424 470 3492 qui
486 3435 625 3490 venerant,
642 3428 664 3479 si
675 3442 705 3481 etr
719 3428 825 3482 ciuitate
837 3431 962 3499 qnnqne⁸

174 3511 301 3566 'liburnia
312 3511 407 3566 similis
421 3513 528 3568 collatio
542 3514 713 3569 mitteretur?
729 3518 962 3584 {responderimus

172 3604 253 3658 etiam
277 3602 339 3657 inde
360 3605 483 3674 protinus
505 3605 645 3670 alluturos,
662 3607 703 3662 riv
723 3606 768 3662 Dei
794 3624 961 3677 nequaquam

172 3708 220 3751 ens
235 3694 326 3750 venire
346 3696 472 3768 signavit,
488 3697 535 3752 sed
551 3696 660 3752 dilatum
683 3715 775 3755 corum
798 3702 960 3759 cinationem

172 3787 296 3856 predixit
309 3787 431 3843 barbaris
444 3788 619 3845 offerendam.
636 3790 727 3860 itaque
741 3808 794 3846 uon
809 3795 892 3847 ιιιιιΙιιι
903 3805 962 3864 post

172 3880 249 3934 cites
262 3879 408 3946 liburniae,
426 3882 501 3937 vario
512 3896 572 3936 curn
593 3883 777 3938 obsidentibus
792 3886 887 3941 liutitis
901 3902 961 3944 cer·

172 3971 273 4026 tatnine
287 3972 457 4039 dimicantes,
479 3973 523 4029 vix
537 3974 600 4028 inita
622 3974 730 4030 loedcris
743 3979 875 4044 pactione,
893 3979 963 4034 inter

172 4075 270 4120 caetera
290 4067 370 4121 ctiam
396 4066 564 4138 largitionem
582 4067 638 4137 jam
668 4069 694 4122 in
720 4085 800 4123 utram
826 4071 960 4138 collatam,

172 4170 251 4225 urtam
277 4159 385 4212 mittere
407 4158 508 4212 lamrtlo
531 4157 578 4214 Dri
592 4159 765 4228 sustulerant,
784 4161 916 4230 lrostibns,
934 4173 961 4218 ut

171 4245 342 4315 predixerat,
359 4247 524 4303 obtulerunt.

207 4338 254 4392 en.
273 4338 351 4394 Cives
377 4355 483 4410 quoqne
503 4356 535 4394 ex
561 4340 681 4411 oppido*
705 4342 845 4409 Lauriaco,
868 4344 960 4400 crebra

170 4431 304 4501 quondam
331 4431 417 4485 saneti
438 4431 560 4486 Severini
584 4431 776 4488 exhortatione
794 4437 959 4500 corrtmouiti,

1014 3241 1087 3297 mulo
1102 3241 1178 3298 daret
1189 3243 1325 3312 optionem
1341 3241 1504 3312 impetrandi
1518 3258 1577 3313 quae
1593 3244 1685 3311 vellet,
1702 3248 1808 3317 rogarit

1013 3335 1109 3391 doctor
1121 3335 1257 3404 pissimus
1272 3343 1300 3389 ut
1320 3334 1370 3388 sibi
1395 3332 1484 3402 potius
1500 3343 1685 3400 prestaturus,
1697 3347 1805 3407 gentem

1014 3441 1092 3481 sunm
1116 3427 1265 3480 allomaua
1290 3425 1439 3480 vastatione
1469 3425 1617 3493 rolribcret,
1638 3437 1667 3483 ct
1685 3432 1806 3497 captivus

1013 3532 1079 3584 quos
1093 3518 1135 3570 sni
1156 3526 1307 3583 tenuerant,
1329 3523 1466 3586 gratanter
1481 3516 1646 3572 absoireret.
1663 3519 1738 3575 Tunc
1759 3537 1806 3574 rex

1013 3606 1187 3661 constituerat
1203 3617 1231 3661 ut
1245 3622 1278 3662 ex
1292 3610 1347 3661 suis
1363 3607 1480 3677 aliquem
1499 3607 1629 3681 dirigeret
1650 3611 1681 3662 ad
1697 3610 1723 3664 id
1739 3627 1807 3678 opus

1014 3700 1144 3754 rnaturius
1160 3699 1378 3770 exseqttendutn;
1396 3700 1538 3770 statimque
1550 3703 1652 3755 missus
1670 3704 1807 3755 ¹amantius

1012 3790 1197 3859 diaconus,e
1223 3791 1332 3860 vestigio
1360 3806 1450 3860 regem
1477 3792 1669 3862 subsequitur,
1695 3793 1808 3863 ejusque

1014 3895 1063 3950 pro
1088 3881 1189 3934 loribus
1217 3882 1367 3946 excubans,
1399 3881 1490 3935 multis
1517 3882 1613 3937 dicbus
1639 3899 1692 3938 non
1720 3886 1808 3953 proruit

1014 3974 1142 4028 nuntiari.
1173 3970 1221 4027 Cui
1252 3987 1297 4041 rc,
1326 3987 1374 4043 pro
1400 3987 1451 4042 qun
1472 3971 1590 4027 directus
1618 3972 1721 4039 luerat,
1752 3990 1806 4029 nnn

1015 4073 1133 4134 pererra,
1150 4063 1304 4119 tristissimo
1318 4064 1461 4119 revertenti
1483 4064 1605 4134 apparuit
1623 4065 1732 4135 quidam
1748 4064 1805 4121 elti-

1013 4156 1081 4226 giem
1098 4156 1182 4209 sancti
1198 4154 1343 4224 puniereus
1358 4156 1489 4220 Severini,
1506 4155 1549 4223 qui
1562 4170 1624 4209 euru
1647 4157 1744 4210 minisci
1759 4173 1806 4227 up·

1014 4245 1156 4316 peliatione
1182 4246 1350 4313 perterritum
1371 4244 1448 4313 sequi
1468 4259 1500 4299 se
1519 4245 1607 4312 jussit·
1624 4243 1745 4313 Cumque
1759 4262 1805 4315 pa·

1013 4351 1089 4405 rens,
1105 4346 1184 4405 :nque
1197 4338 1319 4390 concitus
1334 4344 1502 4404 sequeretur,
1515 4335 1681 4404 pervenitad
1694 4336 1802 4405 jnrruarn

1012 4432 1095 4500 regis,
1106 4430 1249 4499 statimque
1263 4428 1315 4483 dux
1338 4428 1382 4482 il‘e
1398 4427 1511 4498 previus
1526 4443 1559 4481 ex
1576 4429 1661 4482 oculis
1683 4430 1803 4484 mirantis

208 4544 353 4600 ¹Noricom
385 4547 597 4602 mediterraneum
622 4548 811 4619 interpretatur
828 4549 961 4615 i'elserus,
977 4549 1001 4610 ῐ)
1015 4546 1159 4599 etiamnum
1189 4544 1296 4598 nominc
1317 4542 1413 4598 lorcin.
1440 4543 1558 4597 Lnorioei
1578 4545 1700 4598 meminit
1721 4546 1802 4598 Αιιο-

171 4620 275 4685 quoties
289 4632 342 4670 non
359 4617 464 4671 additur
480 4617 600 4685 Ripense.

206 4685 274 4738 'ils
292 4687 368 4746 ttett..
386 4688 503 4755 poprrlos.

206 4753 301 4814 'Sur.,
324 4753 459 4823 Tigurinis,
480 4758 573 4822 llario,
588 4757 710 4814 Tiberino
728 4770 754 4815 et
769 4760 882 4827 Tiberio,
902 4760 960 4828 qni-

169 4822 231 4879 tlanr
243 4824 426 4893 Rotisporrom,
439 4831 496 4883 sive
512 4828 718 4900 llepinobrrrpnrn
733 4834 956 4898 interpretantur;

171 4909 264 4962 parum
281 4895 464 4963 probabiliter,
481 4913 540 4953 cum
554 4902 663 4969 b'trgvpir
675 4911 753 4956 astate
767 4900 891 4956 Tibur-oin
907 4902 960 4955 No·

170 4965 219 5020 rici
248 4965 405 5032 metropolis
431 4978 522 5035 esset,
550 4970 757 5040 lieqinolturqum
785 4973 887 5026 lllretiae
916 4987 957 5026 se-

168 5037 263 5090 crmrlat
273 5036 378 5089 civitas.
391 5037 539 5092 Avetttiuus
554 5039 646 5093 Sancti
662 5042 714 5097 Viti
728 5043 754 5096 in
766 5040 899 5096 Corinthio
910 5058 958 5110 op·

170 5107 260 5169 glirium
278 5105 350 5170 lacit,
368 5107 460 5176 nitque
474 5105 553 5163 istltic
568 5109 700 5165 liburnica
713 5114 824 5184 vestigia
839 5122 955 5169 exstare.

170 5178 247 5242 Apud
262 5176 435 5231 Ptoiomrtttttn
451 5178 544 5233 civitas
564 5179 653 5236 Norici
669 5188 848 5258 ertTeeoprr'm
864 5185 958 5237 lorins-

169 5248 205 5300 ris
215 5249 348 5321 receptior,
363 5263 412 5314 pro
421 5247 558 5313 Telnroio,
570 5249 611 5304 rel
621 5251 742 5306 Tibrrrnio
756 5255 882 5318 scriptum
897 5254 956 5308 init.

174 5315 276 5371 l'ifloeir
291 5319 417 5387 oppidum
438 5320 471 5373 ad
488 5319 602 5375 Dravnrn
622 5336 683 5377 esse
697 5334 789 5377 censet
806 5324 954 5379 Cluverius.

170 5385 298 5444 velserus
313 5404 405 5444 rocem
421 5389 544 5446 liburnio
558 5401 709 5461 suspectam
723 5393 819 5459 bubet;
836 5395 957 5456 instabat

170 5471 201 5510 ea
223 5463 248 5513 tu
265 5459 314 5512 tls.
329 5460 458 5529 Bellortti,
480 5470 508 5516 et
526 5464 655 5517 retinetur
676 5463 852 5519 abrauncro.
873 5462 958 5519 Teur-

168 5529 297 5650 niaqihnter
310 5530 409 5601 oppida
422 5529 510 5589 Norici
524 5542 689 5601 recensetur,
701 5543 727 5590 et
739 5549 755 5588 a
768 5535 845 5589 Liuio
861 5535 906 5588 lib.
915 5549 954 5598 nr,

167 5609 192 5649 c.
245 5638 253 5653 ,
495 5638 500 5645 .

202 5666 276 5721 ‘Atii
298 5668 461 5726 horreorum
480 5672 611 5731 scribunt.
624 5674 705 5730 Vicus
726 5688 796 5727 nrrrrc
813 5688 874 5732 esse
898 5675 955 5729 exi·

165 5751 233 5805 guus
261 5738 360 5796 dicitur
385 5741 436 5796 snb
467 5745 590 5799 tnmribrrs
616 5745 687 5800 Ensii
713 5745 824 5814 oppidi,
849 5753 954 5799 resono

1015 4617 1094 4671 trinus
1109 4617 1134 4670 iu
1160 4614 1298 4669 itinerario
1319 4624 1346 4668 ct
1367 4615 1465 4668 b'utitia
1490 4615 1605 4681 imperii,
1624 4630 1684 4684 quce
1704 4613 1801 4685 Press-

1013 4697 1082 4739 etrnn
1097 4687 1202 4757 legionis
1225 4689 1343 4738 reconde
1357 4683 1434 4738 istltic
1456 4684 1580 4749 collocat,
1602 4701 1634 4738 ac
1658 4685 1756 4739 deiude
1776 4675 1819 4751 tri

1011 4759 1158 4827 prefectum
1172 4755 1260 4809 clnasir
1274 4756 1440 4809 lauriacensis
1451 4755 1579 4807 nominat.
1593 4755 1628 4809 lt.
1641 4757 1741 4809 Aurelii
1756 4767 1815 4810 aut·

1011 4829 1098 4896 potius
1113 4825 1247 4881 Aureliani
1263 4839 1330 4892 opus
1349 4833 1440 4880 censet
1454 4823 1557 4879 Velser.
1577 4839 1605 4879 ur
1621 4826 1683 4880 ller.
1698 4826 1815 4881 ltuiear.¹

1046 4897 1106 4951 llle
1132 4897 1282 4964 coegimus
1297 4897 1311 4948 i
1327 4896 1436 4950 lanmr.
1453 4895 1484 4949 ad
1505 4899 1586 4948 sorrcti
1608 4895 1736 4949 Valentini
1760 4897 1802 4950 t'i-

1010 4976 1079 5030 tam;
1098 4968 1195 5020 rectius
1205 4965 1313 5029 dotano,
1326 4966 1424 5020 Notitia
1442 4968 1538 5034 tmper.
1551 4980 1632 5034 super
1644 4968 1712 5021 doce
1725 4967 1813 5020 tibae*

1011 5038 1070 5095 tint:
1089 5036 1334 5090 Tribrrnnsrolrortr'r
1345 5050 1416 5090 none
1432 5035 1587 5088 Rutenorum
1603 5035 1716 5090 Batonis.

1046 5109 1057 5139 ⁶
1069 5109 1165 5161 Eorrrm
1178 5118 1240 5161 trtttc
1250 5107 1344 5161 validat
1356 5107 1436 5162 resin
1448 5106 1591 5160 Germania
1602 5121 1709 5176 magua,
1722 5123 1738 5162 e
1749 5123 1799 5176 qua

1010 5178 1035 5232 in
1051 5178 1179 5231 ilbaetiarn
1192 5190 1298 5246 quoqne
1319 5177 1461 5247 progressi,
1473 5176 1527 5229 imo
1548 5185 1576 5230 et
1595 5176 1739 5246 Belgicam,
1758 5179 1800 5232 ubi

1010 5248 1176 5303 merttoralnli
1205 5247 1297 5314 pretio
1321 5249 1397 5315 paulo
1421 5257 1481 5313 post
1500 5245 1596 5301 domiti
1619 5245 1801 5306 antenoreo

1011 5318 1181 5440 meminit
1206 5332 1268 5386 rege
1303 5317 1336 5371 ad
1374 5315 1531 5387 Tolpiacum
1571 5317 1702 5387 oppidum
1734 5335 1798 5376 ann.

1008 5389 1107 5444 Cbrist.
1147 5389 1190 5442 il.

1044 5468 1182 5532 illudere,
1199 5465 1336 5521 Gibnidtts.

1043 5547 1132 5602 ⁸ilinc
1151 5547 1261 5616 colligas
1276 5545 1401 5600 Aventini
1422 5543 1520 5600 malam
1538 5547 1629 5611 iidem,
1650 5562 1696 5618 qm
1717 5539 1802 5605 sintn-

1006 5617 1177 5744 ilauiiissc‘iiiiii
1197 5631 1227 5672 se
1243 5615 1362 5692 Severini
1379 5617 1482 5672 visendi
1495 5632 1578 5674 causa
1598 5620 1690 5675 venire
1706 5619 1801 5676 ctbot-
