3774 6120
67 297 126 353 m
471 288 608 346 CONTRA
627 287 786 355 tutunus,
800 283 1050 356 substillum,
1071 285 1161 355 ΕΜ,
1181 286 1246 344 tiu.
1263 287 1288 344 l.
1660 290 1723 354 {92²

68 406 225 465 restibilem
238 404 336 471 licum,
346 403 396 461 bos
406 393 611 461 anathematisat
623 403 754 461 cutlsulicn
765 412 792 459 et
805 416 870 475 epo·
883 414 906 468 n
922 402 1012 458 bulum
1024 401 1176 470 sortiretur,
1193 404 1272 477 138
1285 404 1343 461 sine
1354 404 1472 461 numinis
1483 407 1648 478 proprietate
1655 391 1712 468 'ms-

72 501 167 555 stolicn
182 497 314 553 Ecclcsa.
921 495 1187 553 nebatiliucnullum
1195 488 1728 571 mibirationisconsequentiambabere'

110 591 184 648 itlx.
198 591 276 646 Arius
289 590 356 645 dixit
369 606 379 645 t
391 590 528 661 Persides,
542 592 663 646 uirorum
676 592 778 661 optime
803 590 871 646 l‘ro·
922 589 1037 646 ridetur.
1700 578 1727 685 ι’

74 686 120 754 be,
135 685 211 740 istim
231 682 341 738 decreta
356 683 464 739 concilii
486 683 513 739 in
536 683 750 753 suggillationem
760 689 870 753 apostu-
958 680 1116 736 Athanasius
1130 681 1218 736 disit:
1234 681 1431 739 Ecclesiasticus
1445 698 1554 754 semper
1572 690 1653 746 moris
1672 700 1725 763 est,

75 776 136 831 licae
162 774 224 830 bdei
260 789 327 829 ausu
357 773 507 829 temerarie
539 775 760 843 praesumptionis
788 772 873 830 luisse
922 774 1715 846 disciplinae,siquandobaereticorumnoruductrinses·

75 870 242 939 conscripta.
261 867 330 936 Quid
344 867 417 923 enim
430 881 497 937 opus
508 877 566 923 erut
578 881 675 922 nusum
690 865 741 921 bue
761 866 873 920 booron,
924 872 1027 935 bulg-ll,
1038 875 1131 921 contra
1143 866 1477 939 insolentesquaestiunum
1490 875 1623 931 novitates
1633 878 1714 934 rebus

75 964 136 1018 sion
151 960 312 1016 uocabulum
327 960 442 1028 untionis
466 959 621 1029 dognrutum
645 961 746 1029 regulis
770 957 873 1013 inseril
924 957 1126 1013 immutabiliter
1142 959 1359 1026 permanentibus
1374 963 1510 1017 nominum
1523 966 1651 1021 voeabula
1665 971 1716 1023 im-

77 1052 202 1122 linnouid
213 1055 286 1106 enim
301 1051 439 1123 spostolus
453 1052 495 1106 rel
513 1066 606 1106 eorum
631 1049 779 1121 discipulos
793 1057 876 1119 etque
925 1057 1048 1115 mutare,
1065 1059 1092 1105 et
1107 1049 1301 1120 significantius
1316 1067 1404 1107 rerum
1419 1061 1529 1111 neturus
1546 1061 1716 1128 exprimere,

77 1157 174 1202 onnes
190 1142 377 1211 perordinem
397 1141 684 1212 successures,quiad
710 1141 876 1212 illudusque
925 1158 985 1213 quus
1007 1150 1097 1198 tumen
1124 1144 1296 1200 existentium
1321 1160 1460 1201 causarum
1486 1148 1628 1206 uirtutibus
1649 1168 1716 1208 con·

78 1249 186 1310 ternpus
202 1237 229 1291 lu
241 1236 342 1294 Christi
360 1236 531 1292 consessione
555 1234 692 1302 virentes,
717 1234 876 1290 bumousiuo
925 1247 1032 1307 gruunt,
1052 1246 1080 1294 et
1093 1253 1152 1309 qum
1167 1238 1252 1309 nrsssis
1269 1239 1379 1295 eusdem
1398 1241 1545 1311 antiquitus
1565 1242 1647 1301 luisse
1668 1246 1719 1302 de·

80 1335 241 1391 uocabulum
254 1330 422 1403 ignorabunt,
437 1328 581 1397 implebitis
593 1327 761 1398 sacrilegium
773 1328 799 1382 iu
813 1325 877 1382 lidei
926 1339 1086 1395 monstrent.
1096 1344 1149 1385 non
1163 1338 1237 1386 ortus
1249 1331 1395 1388 novitatem
1405 1332 1550 1390 insinuent.
1563 1336 1596 1390 Et
1607 1345 1636 1391 ut
1646 1335 1719 1407 qnod

79 1427 190 1481 reritate
204 1434 315 1481 secutus
334 1422 415 1476 iuiste
425 1420 556 1486 dicemus,
569 1435 617 1489 pro
629 1434 665 1474 eo
689 1418 793 1473 seilicet
805 1416 877 1488 quod
926 1419 987 1476 dico
1008 1421 1113 1489 planius
1139 1421 1205 1488 stat,
1222 1430 1284 1476 utor
1297 1424 1430 1493 exemplo.
1446 1424 1472 1479 ln
1487 1425 1545 1493 ipso
1560 1425 1720 1485 Christiana
1801 1478 1804 1483 .

79 1520 285 1591 bujosnorninis
297 1519 406 1574 notione
423 1516 538 1586 priuati,
561 1515 619 1570 sine
641 1514 725 1584 ipsius
749 1513 877 1584 praediea·
927 1513 1064 1583 religionis
1076 1498 1281 1583 ‘predicationis
1295 1516 1389 1581 initio,
1405 1520 1557 1588 omnesqui
1571 1521 1719 1576 eredebant

79 1614 159 1667 tionis
171 1610 326 1666 assertione
341 1616 516 1678 perrexerunt
531 1605 564 1661 sd
589 1606 667 1678 137
681 1601 877 1660 Christumisi
928 1601 1042 1660 [luminu
1063 1612 1157 1658 nostro
1170 1603 1233 1658 iesu
1248 1603 1367 1672 (insisto,
1382 1621 1435 1661 non
1449 1606 1603 1674 Ciristiuni,
1618 1611 1665 1665 sed
1678 1612 1719 1665 di·

78 1703 271 1758 euimnoubis
286 1703 328 1773 (ut
338 1700 382 1756 isti
398 1697 507 1769 penitus
531 1692 715 1766 mentiuntur)
742 1710 812 1750 nors
836 1694 877 1750 iu·
927 1694 1020 1762 scipuli
1042 1695 1228 1750 tantummodo
1256 1697 1471 1752 nominabuntur.
1504 1699 1536 1754 Et
1557 1700 1618 1770 quiin
1641 1701 1718 1776 multi

80 1794 274 1850 trudueebatur
285 1801 377 1848 contra
392 1789 576 1862 apostolorum
589 1798 689 1844 statuta
701 1788 835 1854 doctrina,
850 1787 878 1844 id
928 1785 1081 1856 dogmatum
1104 1802 1234 1843 notorum
1256 1799 1379 1845 auctores
1394 1792 1563 1858 exstiterunt,
1588 1794 1718 1855 doctrinm

79 1889 167 1960 nuque
182 1888 511 1955 conueniens-erutonis
521 1883 736 1952 anubisinpestte
748 1881 877 1938 doctrinae
928 1875 1068 1931 obviantes
1081 1879 1247 1947 spostolicae,
1262 1895 1408 1951 urrrsresqne
1436 1891 1583 1940 sectatores
1597 1901 1660 1942 suos
1675 1888 1719 1942 di-

80 1981 195 2053 antiquis
203 1980 391 2051 apostulorum
403 1974 515 2031 obviare
533 1973 675 2040 doctrinis,
687 1981 717 2028 et
730 1974 878 2029 nouitatem
928 1967 1047 2036 scipulos
1059 1969 1236 2024 nominabant
1250 1989 1256 2023 :
1271 1981 1388 2026 necerat
1401 1973 1452 2026 ulla
1466 1976 1581 2030 nonsiuis
1593 1977 1720 2036 discretio

80 2080 210 2128 ruustste
224 2069 406 2141 proscribere,
421 2082 475 2124 uon
490 2073 648 2122 uetustatem
677 2065 794 2120 nouitate
819 2080 878 2134 per·
929 2058 1000 2113 inter
1014 2074 1092 2114 nenos
1104 2059 1239 2130 salsosque
1249 2059 1407 2130 discipulos,
1422 2064 1478 2119 sire
1489 2066 1534 2135 qui
1546 2065 1720 2137 Cbristi,sint

80 2174 192 2220 ιιιιιιι.
205 2162 308 2234 thuid
321 2161 388 2217 mibi
402 2160 454 2216 boe
466 2157 738 2228 montenseqnendum
748 2158 877 2228 impuniti
929 2152 973 2221 qui
991 2150 1120 2217 Busiridi,
1133 2151 1190 2206 siue
1202 2152 1330 2221 Tlreodm,
1343 2153 1399 2209 siue
1413 2154 1490 2209 iudae
1504 2156 1652 2226 conjusdam.
1663 2161 1720 2221 sire
1826 2157 1828 2162 ’

82 2253 176 2324 thuid
189 2269 235 2308 me
248 2253 284 2308 sd
296 2251 450 2321 husjusmodi
466 2249 613 2305 uoulntem
627 2249 771 2304 uiolentius
783 2248 877 2304 tralritl
929 2241 1010 2297 etiam
1025 2241 1138 2297 iunonis
1152 2252 1316 2308 sectatores.
1331 2244 1376 2312 out
1392 2260 1422 2300 ὅθ
1434 2245 1542 2300 elilim
1554 2249 1665 2306 credere
1678 2250 1719 2306 ln·

82 2344 176 2414 utquid
206 2343 267 2398 boc
286 2339 530 2413 apostolicatum
549 2339 724 2410 superadjicit
755 2339 877 2407 verbum,
930 2331 1077 2398 labantur,
1100 2333 1244 2389 noluerunt
1268 2341 1297 2388 ιιι
1314 2349 1372 2389 unu
1396 2336 1587 2406 discipulorum
1612 2341 1720 2398 nourrine

82 2441 153 2506 cujus
169 2451 203 2491 ne
216 2435 357 2506 prophetie
371 2433 491 2504 quidem,
515 2447 565 2486 nec
589 2430 704 2500 apostoli
718 2432 821 2498 uspiam
838 2431 878 2485 tn.
929 2433 1115 2480 censerentur.
1127 2424 1201 2479 Tunc
1213 2424 1328 2494 apostoli
1338 2427 1528 2484 conuenientes
1540 2432 1718 2506 Antiochiam,

82 2528 151 2582 nunt
166 2525 356 2583 mentionem?
376 2524 452 2592 Quod
481 2522 563 2587 istud,
580 2537 683 2592 queso,
703 2535 800 2577 numen
824 2530 877 2590 est,
929 2517 998 2572 sicut
1006 2533 1098 2574 eorum
1109 2517 1180 2574 Luca
1192 2526 1316 2573 narrante
1326 2519 1444 2574 indicunt
1454 2523 1529 2587 ncta,
1537 2525 1720 2579 omnesdisci-

83 2618 137 2673 tine
147 2633 202 2688 quo
215 2618 285 2673 iides
300 2619 404 2688 integra
418 2631 477 2672 esse
489 2629 543 2670 nun
554 2614 657 2685 possiti
670 2612 728 2669 sine
741 2614 880 2683 ququri·
932 2611 1007 2676 purius
1032 2624 1101 2665 nouo
1127 2613 1244 2676 numine,
1267 2611 1293 2665 iul
1317 2618 1359 2666 est
1381 2609 1541 2668 Christianos
1563 2616 1718 2684 appellunt:

83 2710 159 2765 ethni
172 2709 337 2766 christianas
349 2707 878 2780 religionisabdicantnrbonnrelUtrum
930 2699 1115 2755 dissentientes
1133 2716 1180 2756 eos
1195 2717 1210 2755 a
1228 2703 1364 2757 comntuni
1383 2702 1511 2758 salsorum
1529 2705 1719 2774 discipolorum
1756 2708 1760 2714 ’

84 2805 151 2858 enim
165 2803 201 2858 do
217 2802 325 2857 duobus
340 2802 367 2857 p„
382 2801 432 2856 bac
444 2815 522 2855 carna
538 2800 614 2868 sequi
637 2812 748 2855 necesse
768 2808 810 2854 nm
833 2815 840 2852 ς
856 2797 879 2854 sl
930 2792 1078 2857 uocabulo,
1097 2801 1128 2847 ιιι
1139 2801 1167 2847 ιι
1181 2792 1265 2848 diuini
1280 2794 1434 2863 purissimo
1448 2798 1548 2853 oraculi
1562 2813 1652 2854 serino
1667 2801 1719 2857 lun·

83 2912 140 2953 pm
156 2906 202 2953 031
224 2896 358 2952 homousii
383 2894 513 2958 assertio,
542 2892 606 2947 [alsa
630 2900 672 2948 est
696 2891 879 2962 apostolorum
928 2882 1062 2952 plebellll,
1081 2884 1126 2953 qui
1150 2885 1209 2939 ait:
1230 2884 1401 2940 seruientium
1423 2903 1480 2943 vero
1504 2889 1567 2944 mibi
1590 2894 1720 2950 vocnbslttl'

83 2986 249 3054 praedicatio,
271 3002 331 3056 qne
349 2984 408 3041 sine
436 2984 488 3040 boc
512 2985 620 3040 numine
653 2982 733 3054 lungo
759 2992 880 3053 tempore
931 2992 1021 3032 nomen
1033 2993 1125 3032 summ
1140 2976 1217 3049 (¹⁸05-
1231 2994 1294 3043 Ul,
1307 2979 1351 3045 ¹5.
1365 2995 1417 3035 ιιι·
1429 2979 1527 3051 LXX)-

84 3076 184 3133 duruit.
197 3078 228 3134 st
242 3093 307 3134 reru
320 3087 405 3147 aposto
418 3077 467 3133 lter
481 3075 545 3132 lldes
561 3075 639 3146 bujns
651 3077 766 3132 numinis
780 3091 878 3146 expers
967 3070 1038 3126 xit.
1062 3071 1136 3127 flauo
1155 3086 1220 3140 erpo
1240 3073 1275 3125 ub
1296 3074 1426 3139 apostulis
1449 3074 1572 3130 traditam
1594 3077 1620 3132 ln
1643 3092 1721 3136 uuus

84 3186 143 3226 ren
154 3181 208 3237 est,
223 3172 302 3226 sicuti
314 3179 342 3227 nt
353 3178 405 3237 est,
418 3169 477 3226 baec
489 3170 548 3224 uine
561 3168 644 3225 (lubio
656 3167 722 3225 salsa
737 3169 799 3234 erit,
816 3185 878 3239 qum
930 3164 1031 3219 utendo
1044 3163 1199 3219 bominibus
1213 3164 1328 3220 [orntum
1342 3165 1464 3223 Ecclesia
1480 3174 1609 3235 retinens,
1626 3182 1721 3228 tonino

84 3263 198 3332 mtioua
229 3262 292 3318 ndei
311 3264 429 3318 numinis
457 3262 601 3318 ouritstem
625 3261 734 3330 adjecit.
760 3263 878 3322 Rerulse
930 3254 1051 3311 diuersus
1066 3255 1208 3310 berennus
1222 3264 1300 3326 prout
1313 3270 1385 3311 saue
1400 3258 1461 3312 lidei
1475 3263 1542 3314 ratio
1558 3263 1720 3329 postulabat,

84 3364 180 3408 cuneta
192 3353 261 3409 Nori
282 3364 309 3409 et
320 3346 425 3409 Veteris
449 3352 613 3409 Testamenti
628 3353 775 3422 solumina,
790 3362 879 3410 utrnrn
931 3345 1053 3402 diversus
1076 3348 1159 3402 edidit
1180 3349 1318 3403 montinum
1342 3352 1485 3405 novitates.
1506 3351 1624 3421 Denique
1649 3355 1722 3412 Patri

85 3444 182 3500 alieubi
211 3444 374 3501 homousion
392 3444 478 3501 muris
501 3445 616 3502 inditum
649 3446 751 3516 paginis
778 3449 880 3517 poneris
932 3440 1364 3497 noruminnascibibntisnomen
1379 3443 1496 3498 &elisis
1510 3445 1721 3513 nonusnullum

86 3537 216 3593 inuenire.
932 3532 1004 3588 enlm
1018 3533 1170 3588 sabelliane
1186 3535 1297 3589 lraeresis
1311 3535 1431 3604 genitum
1446 3550 1479 3590 es
1495 3535 1600 3607 virgum
1615 3538 1721 3594 Putrem

119 3629 178 3684 XX.
195 3629 299 3684 Probus
307 3629 392 3698 judee
407 3629 471 3684 disis
482 3643 492 3684 .·
503 3628 571 3698 erid
587 3629 628 3685 bis
641 3629 773 3686 relerturl
931 3626 1062 3682 voluisset
1074 3640 1206 3692 asserere,
1222 3629 1367 3699 ingenitum
1381 3641 1474 3686 eontra
1487 3633 1556 3686 ltsnc
1568 3633 1722 3690 consuendo

117 3721 277 3776 Λιιαιιιιιιιιι
288 3723 353 3777 dixit
365 3737 376 3776 .·
389 3720 512 3777 Nominis
527 3729 631 3776 tantum
644 3722 788 3778 ulieuderis
804 3723 881 3778 nuni-
932 3719 1051 3776 Ecclesia
1071 3721 1180 3776 tradidit
1199 3721 1316 3777 Patrem.
1341 3724 1372 3778 Et
1387 3725 1478 3794 utique
1499 3728 1524 3778 in
1539 3724 1637 3780 diuinis
1652 3727 1723 3782 Seri·

87 3823 149 3881 tate,
173 3817 303 3872 suetiam
317 3816 588 3886 ipsiusreivlrtutetss
600 3831 660 3886 quse
673 3815 775 3872 bucest
785 3821 881 3873 sortita
931 3814 1019 3882 pluris
1037 3815 1178 3883 inpunitum
1201 3829 1337 3884 nunqnam
1357 3815 1472 3885 legimns
1492 3817 1607 3872 Patrem.
1631 3818 1723 3873 l‘otest

87 3906 241 3961 rotabulum
256 3906 379 3976 relugisi
931 3919 997 3974 ergo
1007 3905 1139 3961 sabellius
1149 3905 1288 3970 sudreiam
1299 3921 1374 3960 susm
1385 3908 1415 3970 in⁴
1423 3907 1502 3977 liuius
1513 3910 1652 3964 calumniae
1664 3926 1723 3966 ιιι-
1760 3930 1763 3935 ’

121 3999 198 4052 usius
211 3998 299 4052 dixit:
314 3998 382 4066 Quid
397 3998 481 4064 dieas,
494 4012 547 4054 nun
562 3999 628 4054 satis
641 3999 772 4069 intelligo.
933 4002 990 4049 tere
1007 3998 1195 4065 questionem,
1215 4005 1243 4049 et
1260 3997 1352 4060 simili,
1374 4008 1402 4051 ut
1416 4007 1454 4059 tu,
1471 4001 1663 4066 propositionis
1677 4017 1724 4072 po·

123 4092 277 4145 Atbunusins
290 4092 357 4146 dixit
371 4107 381 4144 .·
395 4092 527 4159 Quoniam
542 4105 585 4146 res
598 4091 706 4161 antiqua
719 4106 817 4146 norum
832 4108 881 4147 no·
932 4102 997 4142 nere
1013 4090 1065 4154 uti,
1080 4103 1132 4157 orso
1145 4089 1236 4141 dieat:
1253 4088 1306 4143 Cur
1321 4089 1420 4142 diuinis
1435 4089 1579 4155 scriptoris
1594 4095 1652 4146 sino
1668 4095 1723 4149 nl‘o

89 4199 148 4238 rsen
172 4185 287 4252 sucepit,
312 4198 365 4238 nun
390 4184 521 4239 vocabulo
540 4199 612 4239 nuto
633 4198 712 4238 notre
733 4183 771 4240 rei
796 4186 883 4240 virtus
933 4190 1075 4249 prospectu
1087 4178 1197 4248 pudoris
1208 4179 1362 4233 violentiam
1375 4177 1471 4247 irruitis,
1483 4180 1614 4248 proniore
1626 4204 1631 4228 ι
1645 4185 1724 4254 139

90 4277 211 4344 secessit,
228 4275 280 4330 bue
295 4278 387 4345 utique
401 4277 520 4345 requiro,
537 4286 625 4330 utrum
641 4290 684 4329 res
697 4292 757 4345 quse
771 4280 881 4348 antiqno
933 4273 1117 4328 innascibi'em
1133 4270 1258 4335 Putrem,
1273 4270 1344 4340 quood
1360 4270 1489 4338 scripturn
1504 4272 1649 4328 ostendere
1669 4292 1722 4328 rum

91 4376 139 4431 est,
150 4367 229 4421 simul
242 4383 257 4420 a
269 4377 296 4423 te
306 4382 366 4423 curn
380 4367 497 4422 numinis
508 4366 626 4420 nouitate
639 4366 780 4421 damnetur
793 4367 805 4421 l
931 4368 1046 4423 saletis?
1061 4369 1136 4431 item,
1152 4367 1213 4437 qrria
1228 4381 1289 4420 euru
1312 4380 1366 4419 nun
1381 4365 1467 4420 sulum
1483 4364 1603 4435 genitum
1615 4408 1622 4432 ,
1637 4368 1683 4421 sed
1696 4377 1724 4423 ut

123 4458 198 4512 utus
211 4460 277 4513 dixit
291 4474 302 4512 .·
316 4458 370 4513 Res
386 4458 502 4528 loqueris
517 4467 667 4525 tortuosas,
682 4469 709 4513 et
721 4458 796 4513 unrni
816 4455 923 4543 stnlssb
936 4474 1057 4530 pessum,
1079 4457 1162 4527 impio
1184 4455 1309 4526 dogmate
1331 4456 1401 4510 idem
1424 4455 1558 4512 sabellius
1583 4460 1724 4526 prolitetnr

92 4550 153 4603 titire
170 4552 301 4607 nsirseulu
325 4550 430 4619 digitus.
453 4549 483 4605 Si
504 4548 577 4604 enirn
598 4548 757 4603 homousion
778 4565 876 4605 ossuum
930 4547 1386 4623 episcopiretridndumSyrmium
1395 4547 1586 4604 conuenientes
1596 4553 1722 4620 inunum,

92 4655 185 4696 moneo
205 4650 265 4705 est,
283 4657 338 4696 nun
354 4640 550 4711 dubiumquod
568 4649 596 4696 et
610 4655 654 4696 res
669 4655 736 4696 nura
750 4641 785 4695 sit
798 4657 879 4712 uuam
931 4649 1001 4703 inter
1015 4652 1128 4701 catenas
1147 4642 1208 4698 iidei
1221 4657 1288 4710 oues
1301 4641 1538 4713 promulgaverunt
1556 4645 1721 4712 sanetiooes,

93 4732 367 4799 sustinetsustinet.
930 4741 1057 4795 dixerunt
1072 4737 1178 4791 Patrem
1198 4733 1389 4803 impossibilem
1409 4749 1470 4789 esse
1486 4749 1494 4790 ι
1511 4735 1582 4805 quod
1597 4737 1724 4807 religiose

126 4825 280 4881 ιιιιιιιιιιιι
293 4826 359 4880 disis
371 4841 380 4879 :
392 4823 464 4895 Ergo
476 4823 575 4894 pariter
586 4837 644 4879 rem
656 4837 805 4894 numenque
816 4837 881 4879 cuo·
931 4843 977 4885 eus
996 4834 1141 4895 murumque
1159 4826 1286 4880 statuisse
1305 4824 1459 4894 probamus.
1484 4825 1538 4882 Sed
1558 4825 1609 4882 boe
1629 4828 1724 4884 itidem

94 4911 219 4969 ιιιιιιιιιιι
932 4920 976 4975 ille
997 4918 1143 4989 proclamat
1156 4935 1162 4969 :
1177 4918 1323 4986 Quousque
1342 4930 1439 4985 rostras
1454 4917 1568 4975 lireutite
1581 4921 1722 4978 sudaeist'tt
1747 4908 1751 4913 ¹

128 5004 198 5061 driss
212 5008 299 5061 disits
313 5007 350 5061 lta
363 5005 451 5075 plane.
932 5009 1102 5081 protenditis,
1124 5007 1275 5079 profitendo
1291 5008 1373 5080 (quud
1393 5012 1523 5080 scriptum
1539 5027 1593 5066 non
1608 5011 1722 5084 legistis)
1812 5024 1819 5037 ·

126 5099 278 5154 Arbunusins
300 5101 391 5155 diris:
411 5101 492 5169 igitur
511 5114 582 5157 cum.
596 5099 817 5157 demonstravero
839 5100 880 5157 rei
932 5099 1123 5172 impassibilem
1143 5100 1263 5165 Patrem,
1286 5101 1357 5171 qnod
1380 5116 1429 5157 nee
1448 5105 1587 5174 propbetas
1606 5103 1724 5160 tradide-

93 5192 203 5262 sstiqum
218 5203 247 5249 et
260 5192 295 5248 ab
313 5193 441 5260 apostolis
456 5192 563 5248 tradita
577 5207 675 5248 nomeu
690 5208 788 5248 nusum
802 5194 881 5249 attri-
934 5200 1007 5254 ruunt,
1025 5206 1074 5246 nec
1089 5190 1204 5261 symboli
1220 5191 1364 5247 authentici
1381 5193 1489 5249 tradidit
1503 5196 1657 5259 summitas,
1673 5195 1721 5250 sel

96 5281 182 5339 butum
193 5284 293 5348 luisse,
310 5283 408 5339 uictum
423 5292 449 5340 le
464 5285 570 5340 tandem
585 5284 713 5340 intumult
726 5301 734 5350 ;
749 5299 783 5340 an
798 5288 879 5341 etium
934 5293 1021 5340 restra
1037 5291 1079 5339 est
1096 5282 1247 5337 temeritate
1262 5286 1472 5354 praesumptum?
1493 5284 1607 5339 llurtutu
1627 5299 1722 5356 prose·

96 5378 131 5430 sic
142 5392 197 5433 ιιιιι
211 5380 349 5448 antiquam
364 5377 445 5432 simul
464 5392 525 5433 cunr
540 5377 658 5433 nominis
675 5378 796 5435 novitate
814 5394 880 5435 cun·
934 5383 1050 5446 qusintor
1064 5370 1144 5427 idem
1159 5372 1209 5442 ipsi
1221 5374 1268 5443 qui
1285 5374 1390 5444 Sprmio
1404 5383 1595 5440 convenerant,
1610 5386 1637 5431 et
1652 5377 1722 5432 bane

95 5467 218 5523 demnas?
924 5467 1064 5536 religiose
1077 5465 1257 5522 conlessionis
1272 5465 1350 5522 iidem
1364 5466 1398 5522 de
1411 5465 1477 5520 Filio
1492 5475 1622 5524 statuunt.
1640 5468 1722 5524 nean

125 5561 198 5614 Arius
209 5561 276 5616 dicit
288 5577 298 5615 .·
315 5558 396 5615 Plane
410 5559 460 5615 buu
475 5575 527 5614 nun
543 5559 675 5615 osterrdis.
688 5558 721 5614 bt
734 5575 796 5630 quae
810 5562 877 5617 ratio
932 5561 1055 5630 tuomum
1069 5561 1101 5613 de
1116 5559 1179 5626 lieu,
1195 5559 1282 5614 iumen
1294 5560 1326 5613 de
1338 5560 1445 5614 lumine.
1460 5556 1518 5613 iarn
1535 5559 1578 5615 bic
1592 5558 1719 5630 Pbotioo,

95 5665 174 5705 cumn
188 5653 323 5720 bugitrsbrt
349 5660 431 5706 utres
444 5652 551 5720 antiqua
563 5666 663 5705 nurnm
679 5652 812 5720 acciperet
828 5668 877 5708 no·
931 5656 975 5722 quui
996 5667 1029 5708 es
1053 5651 1176 5707 lrumnnae
1198 5650 1378 5722 generationis
1393 5659 1487 5706 natura
1505 5650 1609 5707 initium
1630 5653 1722 5709 tribuit

95 5746 168 5798 meur?
182 5743 389 5818 uooooidemm
403 5749 557 5815 prssusqosm
573 5744 652 5814 lrrrjns
667 5743 876 5802 nominisruca·
930 5744 1010 5813 Filio,
1033 5752 1131 5814 quanta
1141 5740 1321 5800 calumniandi
1346 5741 1453 5799 occasio
1477 5752 1577 5816 patent,
1600 5747 1656 5816 ipse
1680 5753 1718 5814 tu,
