3774 6120
71 278 109 336 57
674 275 914 334 epistolem
934 276 1102 335 anenata.
1666 282 1703 341 58

74 407 132 448 raon
146 390 173 445 in
194 387 304 460 ligando
320 395 422 443 tantum
443 393 615 457 potetatem
629 385 677 442 tihi
688 387 762 450 data,
775 386 824 442 sed
838 387 864 439 io
879 389 903 447 Α
918 390 987 443 siem
1001 389 1164 446 Gabaoaitas
1185 387 1401 456 incircumcisos,
1423 391 1471 448 sed
1494 392 1634 449 tobim
1648 395 1703 452 cir·

72 477 716 549 aotrcadoquoquediuviactosadiouattomm
726 476 862 545 magistris
914 480 1088 535 circumcisos
1110 480 1138 535 iu
1161 479 1260 537 Christi
1276 483 1498 549 ciretmeisioae,
1510 499 1598 554 saque
1616 485 1704 541 idolo-

73 584 165 639 neque
177 569 204 625 in
216 566 390 632 eradicando,
404 568 446 623 rel
460 566 602 634 diruendo,
619 570 667 622 sed
680 566 705 621 in
721 565 864 635 plantando
914 587 974 626 rum
998 573 1147 628 servitores
1174 583 1202 626 et
1214 573 1338 640 aemulos,
1364 575 1416 630 etsi
1434 584 1600 645 peccatores,
1614 583 1705 631 ιιιιοιι

73 669 103 716 et
117 657 293 724 ardilicando,
314 657 463 713 secundum
485 657 593 712 beatum
607 655 762 722 doremiam,
781 657 864 727 aiacis
915 662 1093 727 Christianos,
1111 672 1137 718 et
1150 663 1288 718 robiseum
1298 663 1426 720 omuiain
1439 665 1545 721 Christo
1555 667 1706 734 sapientes,

74 750 223 807 secuudum
234 748 400 805 saltatorem
419 749 511 803 muudi
524 747 676 814 Christum,
692 748 718 801 in
733 747 864 816 eujusille
915 765 969 805 non
980 751 1148 819 despiciatis,
1160 765 1247 820 aeque
1261 754 1440 808 contemnatis
1453 755 1532 820 ultra,
1544 754 1580 823 pii
1591 754 1705 811 Patres:

74 842 180 899 exstitit
199 848 264 911 typo
279 857 286 895 :
301 854 388 910 aeque
408 839 434 894 in
451 838 581 895 tradendo
597 847 699 892 uadum
714 838 821 894 &tana
837 837 864 891 in
914 841 962 897 red
970 842 1366 911 sicutheatissimuspracdictos
1379 845 1457 900 lesus
1469 846 1542 902 Nare
1554 846 1623 917 (loa.
1636 847 1705 912 ιιι),

75 934 214 989 interitum
227 931 329 996 carnis,
344 931 392 986 sed
402 937 430 986 ei
446 930 473 984 la
487 931 600 983 caritate
618 928 773 993 formando,
785 927 864 996 longa
916 947 967 987 non
983 933 1044 987 illos
1056 941 1169 997 tautum,
1186 933 1232 988 sed
1247 942 1274 987 et
1289 935 1363 991 ltaab
1377 935 1546 991 nteretricem
1564 936 1616 991 illis
1628 945 1706 991 ιιιιο·

74 1024 221 1079 aversione
234 1023 355 1091 dejectos
368 1038 376 1074 ι
391 1035 425 1076 ne
447 1020 528 1092 (quod
552 1017 633 1090 absit)
650 1017 743 1086 majori
759 1017 864 1072 tristitia
917 1024 1005 1091 posuit
1019 1033 1128 1092 propter
1141 1024 1254 1079 duorum
1272 1025 1473 1092 exploratorum
1487 1027 1706 1096 susceptioneaae

75 1112 211 1184 absorptis
221 1113 325 1167 nohisa
336 1111 432 1167 Satana
445 1109 587 1166 videamini
603 1107 744 1178 pertulisse
759 1108 866 1175 dispeu-
916 1114 951 1167 ita
964 1122 991 1168 ct
1003 1128 1053 1168 vrrs
1073 1128 1123 1169 tros
1135 1114 1278 1184 uigilanter
1291 1116 1421 1170 assumite
1434 1131 1496 1171 eum
1509 1115 1555 1171 bei
1568 1116 1708 1185 juramine

75 1203 162 1257 dium.
174 1201 234 1256 Non
249 1201 320 1258 enim
342 1201 448 1270 ignoras
460 1199 517 1267 ejus
531 1197 674 1267 ingenium.
690 1197 735 1266 qui
748 1196 866 1266 quotidie
916 1212 1025 1272 propter
1035 1204 1147 1258 duarum
1165 1215 1320 1259 nattaracum
1333 1205 1520 1272 traditionem,
1533 1221 1594 1276 qaae
1604 1220 1620 1261 a
1630 1207 1708 1262 rebla

76 1311 92 1348 a
106 1309 186 1348 sacro
199 1293 312 1349 doctore
325 1303 371 1348 tuo
384 1292 462 1346 Petro
472 1290 755 1346 docerisovesChristi
769 1305 816 1359 per
827 1299 867 1343 to·
916 1309 964 1363 per
978 1294 1117 1361 epistolam
1134 1295 1204 1349 inter
1218 1304 1326 1350 sanctos
1343 1296 1484 1350 constituti
1508 1311 1584 1366 pape
1606 1294 1708 1351 laconis

77 1398 135 1441 turo
154 1385 326 1440 habitabilem
345 1383 474 1439 mundum
489 1381 605 1437 creditas
620 1381 665 1435 tihi
680 1395 799 1450 pascere,
813 1395 866 1435 anu
916 1393 1007 1439 contra
1033 1384 1187 1455 Eutychetis
1208 1387 1385 1441 deliramenta
1408 1388 1511 1442 directa
1531 1395 1583 1442 est.
1608 1385 1701 1443 iltilla

76 1477 117 1542 ai,
135 1476 183 1532 sed
201 1484 301 1545 sponte
321 1481 428 1529 coactas
444 1489 452 1525 a
467 1472 510 1540 qai
532 1486 591 1525 cum
614 1470 769 1526 doctissimo
784 1470 866 1523 Paulo
916 1473 1024 1541 quidem
1047 1475 1196 1543 suscipiens
1215 1477 1403 1545 explorantes,
1418 1479 1444 1531 in
1461 1486 1567 1546 nepam
1582 1476 1630 1532 lioi
1649 1491 1709 1533 suae

76 1568 180 1623 clamas
194 1566 274 1620 nobis
288 1564 418 1633 subjectis
432 1572 457 1617 ct
471 1562 538 1615 dicis
555 1580 562 1616 a
578 1560 639 1615 Non
662 1560 729 1614 raim
752 1560 867 1613 domino·
917 1564 1013 1618 domus
1025 1565 1186 1620 abscondit:
1207 1581 1257 1620 nos
1274 1576 1365 1621 autom
1378 1576 1459 1622 rectae
1473 1568 1534 1622 lldei
1550 1576 1647 1623 restro
1661 1581 1708 1623 su·

77 1676 136 1713 matr
148 1657 218 1711 nolis
229 1658 257 1709 in
271 1654 333 1722 pide,
348 1653 394 1706 red
407 1667 571 1720 cooperamur
579 1652 605 1704 in
613 1652 706 1721 gaudio
716 1651 748 1721 dl
762 1649 821 1704 Cor.
834 1652 864 1718 ι).
917 1655 1061 1724 scipientet
1079 1655 1287 1722 consessionem,
1304 1658 1330 1711 in
1354 1658 1436 1711 eorde
1449 1666 1544 1711 nocuo
1570 1671 1623 1712 neq
1644 1655 1707 1711 alts-

111 1746 201 1814 Quare
214 1745 391 1814 deprecamur
405 1741 534 1809 disrumpi
548 1755 646 1794 novum
660 1729 905 1809 chirographumil
919 1747 1076 1812 condimus,
1100 1747 1147 1800 scd
1170 1747 1197 1801 in
1214 1747 1394 1802 licclesiarum
1410 1747 1579 1817 dogmatibus
1595 1747 1641 1801 boi
1657 1747 1707 1803 mi·

78 1848 214 1901 nastrum,
237 1836 306 1889 sicul
319 1832 443 1888 salvalor
456 1829 780 1886 eldllelliSlel'Chl‘islllS
793 1840 868 1887 vellis
920 1837 1064 1892 gepiqopdia
1078 1852 1139 1891 eam
1152 1852 1212 1892 curn
1234 1839 1393 1892 auctoritate
1414 1837 1599 1908 praedicamus,
1615 1835 1707 1891 Etilh

78 1928 185 1984 illudio
201 1940 281 1982 cruce
302 1923 432 1992 disrupit;
456 1922 571 1977 neultra
594 1932 653 1992 post
669 1922 803 1977 lavacrum
825 1937 868 1977 re-
919 1930 1027 1998 quidcm
1038 1937 1130 1998 rogata
1153 1943 1201 1996 per
1225 1937 1325 1983 metum
1340 1943 1387 1983 cos
1410 1943 1442 1983 se
1462 1925 1707 1996 habercnegauit:

79 2017 268 2087 generationis,
285 2012 415 2069 malorum
443 2021 594 2067 nostrorum
617 2012 802 2080 subiaceamus
822 2013 869 2067 de·
920 2035 970 2075 noa
984 2033 1072 2073 aurem
1087 2035 1213 2085 oramus,
1230 2034 1263 2073 ue
1277 2035 1394 2087 unquam
1405 2020 1522 2073 humano
1537 2027 1607 2071 metu
1624 2032 1706 2088 nege·

79 2108 153 2171 Ιῑῡίθ.
178 2104 226 2159 5θᾶ
248 2114 277 2159 ¹¹¹
291 2102 348 2173 ‘5⁸¹³
371 2101 415 2170 ‘1¹¹³
430 2100 554 2164 cssmssdih
570 2116 620 2154 *lla
635 2102 731 2154 ‘teithi
748 2101 869 2170 udaverit
920 2125 978 2164 mus
1001 2117 1082 2165 rectae
1099 2109 1228 2163 doctrinae
1244 2120 1344 2163 nostrae
1364 2111 1521 2173 ceritatem3
1534 2118 1562 2163 et
1577 2109 1709 2177 usquead

81 2198 338 2263 lenesmontem
348 2198 377 2251 u.
387 2196 531 2252 Ezechielis
537 2196 702 2267 prophetiam
710 2195 868 2265 (capsam).
919 2201 1074 2265 ungularem
1088 2214 1136 2269 pro
1150 2214 1181 2255 ea
1196 2199 1338 2266 stabimus,
1349 2200 1372 2254 si
1386 2201 1422 2254 sit
1435 2212 1546 2255 necesse
1557 2198 1622 2270 (ab,
1633 2198 1657 2254 si
1670 2199 1709 2255 its

82 2292 145 2345 Cum
160 2305 227 2359 ergo
242 2290 268 2344 in
290 2288 402 2344 veritate
424 2287 576 2357 parabolam
597 2288 675 2342 istam
695 2287 805 2341 salutari
820 2287 868 2342 ad·
919 2291 1076 2359 contingat).

84 2389 159 2435 uentu
174 2394 225 2433 suo
238 2379 357 2433 salvator
380 2377 547 2446 impleverit,
562 2392 623 2443 cur,
651 2377 820 2431 secretissime
839 2390 870 2431 ac
958 2380 1032 2434 iliade
1044 2395 1097 2433 non
1110 2377 1205 2434 taedeat
1215 2392 1263 2433 nos
1273 2378 1410 2448 adjurare,
1424 2377 1710 2448 nequeodiohabeatis

85 2470 257 2534 testis-ime,
278 2469 368 2524 Aeacii
380 2467 574 2532 inobedientia,
589 2482 666 2521 uuam
688 2466 811 2521 acerbam
825 2481 870 2521 co·

87 2561 228 2623 medentis,
243 2560 342 2621 nostri,
360 2557 385 2612 id
406 2567 446 2613 est
461 2557 575 2612 filiorum
590 2559 673 2626 ipsius
685 2560 710 2612 in
726 2570 779 2613 tam
791 2559 870 2627 longo

86 2667 212 2707 arinnrnm
227 2666 308 2705 cursu
322 2650 395 2720 ligati
405 2659 465 2704 sum
476 2649 586 2704 dentesl
599 2649 626 2705 Si
638 2665 705 2703 unias
714 2652 794 2704 laomn
808 2664 870 2718 pec·

86 2746 165 2807 caria,
178 2755 264 2814 quare
278 2743 325 2797 toti
340 2756 495 2812 synagogae,
506 2750 552 2795 aut
567 2742 650 2810 magis
664 2741 713 2794 toti
734 2740 869 2795 habitabili

922 2483 1032 2543 propter
1045 2471 1245 2527 adversantium
1259 2472 1476 2527 cotnmunionem
1490 2487 1497 2524 :
1512 2471 1619 2541 quando
1632 2484 1662 2526 se
1675 2470 1709 2524 ah

921 2567 972 2621 hac
991 2563 1098 2635 plurimi
1120 2563 1290 2619 facultatibus
1310 2562 1450 2632 impedni,
1467 2571 1494 2617 et
1508 2577 1560 2616 nou
1580 2561 1709 2616 trabentes

920 2656 1130 2713 sollicitudinem
1159 2656 1300 2708 multarum
1327 2654 1476 2707 animarum
1501 2650 1708 2721 suspenderint:

921 2749 1020 2819 quibus
1034 2760 1100 2801 uero
1114 2746 1256 2800 multarum
1271 2744 1419 2798 animarum
1432 2757 1496 2798 cura
1507 2742 1649 2796 commissa
1668 2748 1709 2797 est

922 2839 947 2893 in
963 2837 1074 2893 creditis
1088 2836 1138 2890 sihi
1154 2836 1352 2889 communicent
1365 2833 1508 2896 Ecclesiis,
1523 2829 1626 2886 nullum
1645 2845 1710 2884 cou-

87 2929 128 2983 hci
138 2929 293 3000 promissio,
303 2927 434 2997 quedicit
445 2943 452 2979 τ
462 2925 522 2980 Noa
530 2925 667 2996 percipient
679 2925 726 2992 filii
736 2934 871 2996 pareantum
923 2927 1032 2983 ararium
1044 2926 1172 2982 habentes
1183 2926 1424 2979 communicantem
1438 2923 1499 2990 sibi,
1515 2931 1544 2977 et
1558 2930 1710 2976 metuentes

88 3028 193 3087 perroto,
202 3026 403 3087 aequepuremer
409 3016 518 3083 filiorum
525 3016 691 3083 reumaque
700 3016 871 3084 unusquisque
924 3022 1078 3090 relinquere
1092 3018 1163 3088 lupis
1175 3032 1240 3072 ores
1261 3025 1371 3087 propter
1385 3031 1478 3072 uocem
1495 3015 1599 3071 bomini
1618 3014 1710 3088 dicen·

89 3110 203 3162 ametor
223 3108 250 3161 {a
264 3115 425 3177 adoptatam
438 3104 524 3176 (θεῖαι
538 3120 613 3167 ¹¹¹Vi
627 3104 722 3160 Emit·
736 3104 823 3168 xlm)-
886 3079 909 3141 c
925 3122 977 3168 tem
992 3128 1001 3166 ε
1017 3109 1191 3165 trecenarius
1204 3117 1299 3174 natent,
1310 3118 1334 3163 et
1345 3109 1389 3177 qai
1407 3125 1458 3163 uon
1473 3115 1511 3162 eal
1528 3116 1624 3177 prator,
1637 3107 1711 3175 cujttt

120 3202 148 3259 Sl
166 3210 276 3269 Ρῖθβῑθῐ
296 3196 535 3252 3¹⁰¹³¹¹l¹fl¹¹⁰f¹¹¹¹¹
556 3204 601 3249 ³¹¹¹
624 3197 709 3264 magis
733 3193 874 3265 Eudemi·
924 3220 975 3257 nou
990 3210 1048 3257 rarat
1060 3217 1115 3255 eccs
1126 3201 1246 3272 proprie,
1259 3200 1326 3254 sidet
1341 3199 1588 3268 lupunueairntena,
1599 3208 1622 3252 ct
1633 3197 1712 3251 relitt-

93 3306 186 3344 norum
200 3289 365 3351 amicitiam,
381 3288 425 3355 qui
439 3294 595 3341 aversantur
608 3295 635 3339 et
649 3284 874 3339 anathematizant
924 3295 978 3365 quar
989 3309 1046 3346 acer
1065 3302 1089 3345 ee
1106 3293 1189 3361 sugit,
1209 3299 1233 3344 et
1248 3292 1323 3360 lupas
1342 3292 1410 3359 rapit
1427 3307 1470 3344 ror
1483 3300 1559 3360 atquc
1572 3289 1711 3358 discerpta

89 3380 285 3435 sanctissimam
301 3386 328 3433 ei
341 3377 523 3432 bellissimum
540 3391 633 3446 [tapam
647 3376 774 3441 Leonem,
790 3377 829 3430 iel
846 3378 872 3430 in
926 3384 985 3451 quio
995 3379 1711 3452 marccaarr'arert,etacatrahetcairamcaram(tom.r).

91 3471 255 3526 athalcrdanc
275 3469 406 3540 synodum
422 3469 556 3534 habitam,
572 3468 812 3522 anathematizatus
832 3476 874 3521 est
926 3473 1000 3541 Quod
1012 3487 1075 3541 ergo
1091 3487 1142 3526 nou
1156 3485 1247 3526 amore
1261 3471 1322 3525 uitae
1336 3473 1415 3539 capti,
1430 3471 1477 3525 sed
1491 3470 1579 3527 ouium
1596 3471 1711 3525 saliatem

88 3562 214 3624 Affissidsi
231 3576 314 3631 quare
328 3574 377 3613 ¹¹⁰⁸
396 3573 411 3612 ³
430 3559 505 3612 ¹1⁰¹>ss
519 3561 682 3612 aeSllmamhr
702 3558 832 3623 haretici,
846 3562 875 3613 cl
925 3574 1048 3620 curantes
1065 3565 1170 3633 plurimi
1190 3562 1357 3617 sacerdotum
1377 3562 1429 3617 laec
1444 3561 1555 3628 iaciunt,
1572 3561 1709 3630 deinceps,

88 3651 112 3702 in
127 3651 299 3706 anathemate
315 3665 407 3705 sumtis
428 3665 492 3713 ¹¹0⁸,
508 3651 553 3719 (11ιί
576 3650 762 3720 amplectimur
788 3653 873 3704 solani
926 3657 1070 3711 miserante
1084 3656 1152 3718 beo,
1166 3669 1329 3724 cognoscere
1344 3655 1441 3722 poterit
1457 3662 1500 3707 tua
1516 3654 1672 3721 paternitas.

88 3740 156 3794 illam
169 3742 323 3809 epistolam,
339 3750 365 3796 et
376 3756 435 3810 qnae
449 3740 516 3796 dicta
529 3750 590 3795 stant
602 3741 629 3794 in
645 3751 736 3796 sancta
751 3743 874 3811 synodo?
960 3745 1071 3811 Quidam
1094 3745 1165 3798 onim
1182 3746 1216 3796 de
1239 3743 1280 3797 his
1298 3743 1343 3812 qui
1362 3745 1388 3796 in
1409 3741 1559 3796 sacerdotio
1572 3739 1710 3796 constituti

88 3835 136 3896 Qui
147 3840 259 3903 propter
271 3832 487 3902 predicationem
501 3835 565 3887 recti
574 3834 705 3903 dogmatis
718 3835 796 3889 uestri
810 3851 875 3905 qno-
925 3847 997 3900 rrrrtt,
1014 3846 1166 3906 spectantes
1177 3836 1239 3904 (od,
1249 3834 1397 3902 sperantes)
1415 3833 1440 3887 in
1452 3833 1545 3889 exsilio
1557 3832 1623 3886 mitti
1637 3845 1711 3900 pres-

90 3924 151 3980 tidie
166 3941 372 3995 oppugnamur,
398 3935 425 3980 ct
446 3936 473 3979 ut
489 3925 608 3979 haeretici
622 3926 876 3981 anathematizantur
924 3930 1032 3999 hyteros
1058 3927 1221 3980 orthodoxos
1246 3936 1272 3979 et
1297 3933 1403 3979 sanctos
1426 3924 1511 3986 viros,
1527 3923 1649 3976 vo'emcs
1677 3935 1710 3974 se

87 4015 119 4069 ah
141 4015 175 4068 iis
199 4015 244 4084 qai
266 4014 406 4086 Etatycheti
431 4017 610 4069 corasentiuut.
633 4015 689 4069 Noli
706 4016 792 4071 lacere
805 4016 875 4085 judi·
927 4028 1022 4087 prater
1034 4019 1219 4072 necessitatem
1235 4017 1269 4070 ab
1280 4015 1406 4069 Ecclesiis
1421 4029 1470 4069 suo
1484 4013 1593 4066 arbitrio
1609 4010 1711 4065 suhdu-

88 4104 154 4160 cium
179 4121 229 4174 per
243 4105 316 4160 illum
329 4106 372 4174 qui
387 4118 509 4159 cunctam
520 4107 622 4177 judicat
634 4118 731 4161 terram
748 4124 754 4159 ε
773 4123 805 4162 ne
816 4124 876 4177 per·
925 4126 997 4171 erre,
1020 4110 1144 4178 ipsosque
1159 4108 1246 4175 sequi,
1268 4121 1320 4159 raon
1334 4112 1473 4158 cesserunt
1492 4103 1531 4156 eis
1548 4101 1597 4154 hoc
1611 4099 1709 4166 lacere,

87 4193 133 4248 das
151 4197 252 4264 justum
277 4210 336 4249 curn
361 4195 441 4265 impio
459 4214 465 4249 ε
481 4212 529 4251 nec
550 4196 596 4250 dat
614 4196 683 4267 apud
699 4207 725 4251 te
744 4196 832 4266 hastos
847 4207 875 4252 ut
925 4200 1078 4268 adjurantes
1093 4213 1139 4252 eos
1158 4206 1187 4252 ut
1209 4204 1348 4250 manerent
1367 4194 1393 4247 in
1413 4190 1522 4246 creditis
1537 4190 1588 4245 sibi
1608 4188 1710 4244 sanctis

88 4286 184 4353 impius
200 4305 207 4341 :
222 4303 273 4342 nec
290 4288 429 4357 aqualiter
439 4291 593 4358 judicentur
608 4307 621 4343 a
642 4301 667 4345 te
687 4291 828 4346 orthodoxi
847 4301 875 4346 et
927 4288 1054 4343 Ecclesiis
1069 4287 1103 4340 ad
1119 4286 1208 4358 populi
1220 4285 1355 4340 munimen
1368 4281 1522 4348 orthodoxi,
1538 4282 1564 4336 in
1579 4296 1609 4336 se
1623 4281 1718 4336 sumi-

88 4378 214 4443 haretici,
231 4378 271 4432 uel
288 4378 332 4447 qui
345 4379 570 4435 anathematizant
584 4382 736 4448 predictam
752 4395 869 4435 sanctam
926 4377 1022 4442 piendo
1036 4392 1096 4446 qum
1111 4383 1237 4444 putantur
1251 4373 1420 4428 discretionis
1435 4372 1550 4427 illorum.
1567 4371 1642 4428 Sicut
1657 4371 1710 4425 ile·

89 4469 237 4533 epistolam,
250 4477 424 4536 sanctamque
437 4469 567 4540 synodum
589 4481 704 4524 suestram
719 4478 828 4536 rectam,
844 4483 871 4527 et
924 4469 1003 4521 hocca
1019 4466 1151 4534 qmnulam
1164 4466 1256 4519 diceas
1269 4463 1352 4518 iateoh
1367 4483 1374 4518 ε
1387 4463 1420 4517 ln
1436 4480 1474 4517 me
1491 4474 1622 4534 peccatam
1640 4472 1710 4514 trrarm

89 4555 107 4610 ii
120 4558 163 4625 qul
175 4559 315 4613 uobiscum
326 4557 360 4612 ab
371 4559 411 4613 eis
421 4559 686 4626 anathematizantur,
700 4568 727 4614 et
741 4560 872 4630 quierant
923 4555 1025 4625 (Genea
1038 4553 1138 4620 ¹¹V¹¹la
1158 4553 1196 4620 fist
1211 4569 1220 4606 ·'
1237 4553 1271 4605 Μ
1285 4551 1321 4605 ῙΗῙ
1337 4553 1370 4606 2¹)
1389 4550 1516 4607 Ecclesill
1534 4549 1585 4604 ⁸lb5
1600 4547 1709 4604 “0⁶3¹ss

92 4645 155 4700 niori
169 4647 287 4713 qnotidie
297 4660 346 4715 pro
363 4657 436 4702 recta
450 4647 500 4702 fide
515 4665 573 4717 quae
587 4665 600 4701 a
612 4649 687 4704 vobis
703 4650 871 4717 praedicatur.
923 4644 1061 4700 discedere
1075 4653 1170 4713 sponte
1184 4643 1335 4698 volentibus
1352 4642 1479 4696 dixerunt
1492 4659 1498 4695 :
1513 4639 1540 4693 ln
1556 4654 1604 4694 nos
1619 4640 1710 4694 sentiat

126 4738 156 4790 Et
169 4737 246 4792 lesus
264 4738 373 4806 quidem
393 4737 465 4793 Nare
487 4739 688 4795 incircumcisos
702 4738 770 4812 (los.
785 4742 873 4809 a),et
925 4745 1063 4804 peecatum
1094 4734 1263 4788 discretionis
1289 4742 1385 4786 uestrae
1406 4748 1412 4783 :
1436 4729 1620 4784 tantummodo
1644 4743 1710 4784 oves

91 4825 216 4881 idolorum
227 4829 541 4884 servitoresGabaonilas
551 4843 610 4883 euna
623 4830 762 4884 mendacio
775 4831 873 4899 fugian-
924 4825 1020 4879 Christi
1036 4835 1132 4892 preter
1155 4823 1339 4877 necessitatem
1365 4820 1432 4889 lupis
1455 4835 1507 4873 arou
1530 4818 1707 4888 relinquatis;

92 4927 129 4971 trs
141 4918 173 4970 ad
186 4933 225 4983 se,
240 4918 304 4973 dunt
321 4927 537 4988 oppugnarentur
550 4918 584 4973 ah
597 4919 752 4975 ahimelech
765 4920 807 4974 uel
819 4935 870 4973 ce·
923 4933 956 4971 ae
970 4918 995 4971 iu
1016 4917 1072 4970 loca
1088 4922 1177 4969 restra
1194 4912 1312 4967 tacreuci
1327 4911 1524 4981 ingredientes,
1540 4910 1593 4979 lupi
1609 4910 1709 4964 discer-

87 2836 182 2890 muodo
195 2833 736 2904 peranathcmadicinuslurorincumhit?
748 2831 796 2888 Ubi
807 2847 871 2901 ergo

90 5007 154 5061 teris
173 5019 285 5077 aptamor
297 5024 358 5064 cum
377 5025 410 5064 eo
431 5010 604 5079 principibus,
628 5027 677 5081 pro
699 5026 732 5066 eo
754 5010 824 5081 quod
837 5011 870 5065 ad

89 5110 148 5150 rum
174 5098 357 5169 conhrgerant,
383 5099 438 5153 heo
456 5110 629 5170 cooperante,
655 5112 763 5157 strenue
785 5100 872 5156 vindi·

89 5190 173 5255 est-it,
197 5206 231 5246 ne
253 5192 485 5256 blasphemaretur
499 5208 596 5248 nomeu
613 5192 658 5249 [lei
672 5192 730 5264 ejus
746 5202 870 5265 tanquam

90 5284 332 5353 noneosadjurare
343 5284 522 5352 prevalentis.
535 5284 696 5348 vosautem,
712 5285 870 5340 sanctissimi

88 5372 142 5434 riri,
157 5372 223 5428 lesu
235 5374 323 5443 magni
338 5373 386 5429 bei
402 5383 429 5428 et
444 5373 589 5431 salvatoris
604 5374 660 5444 spei
680 5383 777 5429 nostre
790 5374 872 5430 disci·

88 5463 148 5530 puli,
160 5464 363 5534 imitatoresque
377 5462 434 5533 ejus
449 5463 494 5534 qui
510 5464 621 5534 lagonam
635 5465 705 5519 servi
715 5465 871 5533 assumpsit,

87 5560 114 5605 ut
127 5567 175 5608 rans
196 5553 298 5609 liberos
311 5552 440 5609 redderet
452 5568 467 5608 a
487 5564 598 5622 peceato
613 5553 685 5623 quod
698 5555 826 5625 regnabat
845 5553 872 5610 in

87 5644 173 5709 a·rhis;
197 5644 324 5700 abderites
343 5645 492 5715 oppugnari
520 5660 569 5701 atos
592 5654 619 5700 ct
633 5645 801 5711 mortificari,
820 5662 872 5701 natu

923 5006 986 5076 pant
1000 5022 1079 5071 oves;
1094 5014 1139 5059 aut
1153 5016 1225 5059 certe
1241 5003 1274 5058 ab
1289 5003 1353 5072 ipsis
1363 5003 1458 5056 nrihus
1475 5003 1530 5080 suis
1543 5010 1652 5072 propter
1665 5014 1713 5054 re·

923 5110 991 5154 ctam
1002 5099 1078 5153 iidem
1091 5097 1182 5165 legati,
1192 5107 1218 5152 et
1229 5097 1269 5150 his
1279 5097 1323 5166 qni
1337 5112 1388 5150 uon
1401 5097 1537 5165 sugantur,
1550 5095 1596 5150 scd
1612 5102 1708 5162 spoute
1792 5120 1798 5129 ·

924 5190 1063 5246 discedere
1083 5189 1202 5260 eupiunt,
1227 5205 1261 5244 ne
1282 5188 1324 5244 cui
1343 5188 1542 5244 aduersantium
1561 5180 1709 5240 communi.

923 5291 995 5347 cent,
1010 5280 1055 5334 mh
1070 5280 1121 5335 hdo
1135 5279 1254 5335 dicentes
1270 5295 1278 5333 t
1295 5279 1374 5334 Putas
1396 5279 1439 5334 isti
1463 5291 1554 5331 amore
1575 5274 1637 5327 uitat
1657 5270 1709 5327 hoe

927 5374 1040 5438 laniunt,
1051 5389 1084 5428 an
1094 5371 1353 5437 amoreaoimarum,
1367 5369 1399 5424 ad
1415 5367 1588 5422 imitationem
1602 5362 1710 5420 Domini

926 5465 966 5519 sni
981 5466 1057 5534 primi
1075 5463 1189 5533 pastoris
1206 5461 1289 5519 nostri
1310 5461 1374 5518 lesu
1394 5455 1493 5514 Christi
1513 5452 1601 5523 magni
1618 5451 1664 5509 llei
1681 5461 1711 5508 ct

927 5554 1076 5612 saluatoris
1086 5555 1143 5625 spel
1158 5565 1271 5620 nostre,
1288 5552 1332 5623 qui
1345 5549 1459 5607 animam
1471 5557 1545 5600 suam
1559 5545 1648 5616 posuit
1662 5558 1714 5616 prov

926 5646 1020 5701 onibus
1032 5645 1098 5699 suis.
