3774 6120
121 320 154 375 ot
723 315 899 375 EPISTOLAE
919 314 964 371 ΕΤ
982 315 1152 373 necuere.
1711 315 1747 371 ot

120 432 174 486 Per
194 443 287 499 coetu.
302 427 511 491 humanitatem:
526 427 592 483 Cum
609 429 854 499 communitatem
873 427 910 481 si·
925 430 949 487 Α
964 435 991 482 et
1009 430 1073 484 utile
1092 432 1160 486 tales
1178 431 1343 487 admouere:
1364 446 1415 487 nec
1435 432 1508 487 enim
1528 445 1673 501 congruum
1691 434 1745 490 illis

117 521 277 591 euidentes
291 518 442 590 magniloci
458 529 483 574 et
495 517 641 574 saluatoris
654 519 737 574 nostri
751 517 813 573 lesu
831 517 909 573 Clui-
960 519 1093 589 religiose
1107 521 1205 576 alicrre
1219 522 1341 591 dogmate
1355 522 1512 592 discipline,
1530 522 1656 592 aquibus
1669 522 1745 579 insti·

117 611 222 667 stizslc
241 618 272 666 ct
291 623 363 665 ounc
382 608 445 677 illis,
466 609 507 664 lix
527 608 630 664 duabus
651 608 760 679 quidem
785 608 905 674 naturis,
960 610 1070 666 tutionis
1083 612 1167 679 ipsios
1187 625 1359 682 exspectatur
1371 616 1449 685 plena
1464 615 1602 684 periectlo.

116 701 288 759 dicentibus:
299 702 328 758 lu
343 701 447 757 duabus
465 709 555 756 autem
575 716 628 755 xton
645 700 844 762 confitentibus.
857 714 907 755 nos
993 699 1047 754 Sed
1062 699 1179 757 breuiter
1190 703 1261 757 clara
1272 705 1491 774 perstringemus.
1504 703 1552 760 Cui
1567 707 1742 775 tncncntuxu,

117 810 150 850 ex
163 793 280 857 duabus,
291 801 320 849 et
334 793 362 848 iu
377 792 480 848 duabus
492 791 592 863 pariter
604 791 728 847 dicimus.
750 791 789 845 lix
804 790 907 846 duabus
957 788 1251 860 constantinopolitana
1262 790 1382 848 licclesia
1396 807 1447 863 qua
1461 794 1575 850 Nestorii
1586 796 1745 866 contagione

116 885 187 941 eainx
201 885 333 945 dieentes.
348 898 383 940 ex
396 884 493 954 quibus
506 883 627 938 subsistit
641 883 739 938 unitas.
760 881 790 937 ln
801 882 906 938 duabus
958 877 1090 934 laborarit
1102 879 1114 932 l
1127 880 1253 947 Nestorii,
1269 884 1393 952 inquam,
1407 884 1453 953 qui
1467 885 1542 953 qxtaxi
1556 894 1634 955 putre
1647 901 1744 958 corpo-

94 987 215 1038 ·auteux.
230 974 258 1030 in
278 973 376 1045 quibus
397 972 470 1028 xixus
491 979 543 1039 est,
554 980 581 1027 et
604 971 725 1044 palpatus
747 979 799 1036 ext,
816 980 843 1027 et
860 985 906 1027 as·
957 970 995 1024 ris
1015 969 1165 1027 membmm
1187 987 1202 1024 a
1231 971 1360 1027 societate
1386 973 1524 1029 cattxnttcae
1546 975 1744 1030 communionis

115 1070 241 1136 sumptus
258 1074 319 1135 post
338 1063 488 1132 passionem
502 1071 530 1118 et
543 1062 777 1125 resurrectionem.
792 1061 905 1117 conlite-
956 1060 1063 1116 excisus
1074 1068 1125 1116 est.
1137 1059 1187 1117 Ubi
1199 1069 1388 1117 urrammnun
1400 1062 1562 1131 predicatur
1571 1065 1743 1136 congregatio

115 1171 185 1222 uxor,
197 1163 227 1211 et
246 1153 389 1226 inquibus
410 1152 500 1209 veniet
513 1150 680 1222 judicaturus
700 1152 774 1207 uiros
788 1161 817 1208 et
833 1165 906 1207 mor·
955 1149 1180 1208 Chalcedonensis
1203 1154 1289 1208 saucti
1307 1153 1430 1218 concilii,
1444 1169 1505 1225 poe
1523 1155 1696 1227 Eutycbetcm
1714 1165 1742 1211 st

114 1257 186 1300 rmus.
955 1241 1125 1307 moerorum,
1137 1241 1192 1297 duo
1210 1244 1319 1298 nomina
1334 1245 1434 1299 famosa
1450 1254 1478 1300 et
1491 1260 1593 1315 magum
1611 1245 1740 1315 pertidia,

147 1335 242 1406 lienum
263 1335 337 1392 enim
361 1334 430 1391 noda
452 1333 579 1390 diuinitas
597 1341 702 1406 poterat
719 1342 766 1389 aot
784 1333 902 1403 palpari,
954 1331 1033 1386 ouius
1063 1334 1203 1389 sententiae
1229 1334 1382 1404 integritate
1411 1336 1568 1402 damnauit,
1593 1335 1741 1407 inimicaris

114 1428 291 1498 aotcrocldei
305 1442 354 1498 pro
366 1428 421 1483 vita
436 1427 542 1494 mendi3
558 1441 607 1482 uec
627 1425 737 1496 simplex
753 1426 903 1480 immanitas
953 1423 1099 1490 complices
1121 1438 1175 1478 uno
1193 1423 1288 1491 spiritu
1315 1424 1413 1480 diuinis
1433 1427 1601 1496 dogmatibux
1624 1426 1739 1483 accusa

113 1519 192 1573 morti
216 1518 360 1588 subjacens
380 1533 427 1588 per
449 1529 562 1573 mortem
586 1515 751 1572 contundere
772 1531 832 1570 eum
856 1515 901 1586 qui
952 1512 1184 1579 sectanteleuis
1205 1513 1312 1569 Petmm
1325 1524 1352 1570 et
1372 1515 1542 1570 Timotheum
1569 1516 1739 1585 prefatorum

112 1607 252 1663 obtinebat
274 1617 401 1674 mortem,
412 1607 463 1662 bec
485 1615 527 1663 cst
543 1605 689 1661 diabolum.
710 1603 787 1660 Unde
802 1613 829 1660 et
844 1615 903 1671 post
952 1605 1078 1659 vernulas
1090 1605 1738 1676 ignorarit,propugnatoresintentionisaddictsx,

112 1696 336 1753 resumemioneux
351 1699 378 1751 in
393 1696 561 1750 immaculata
576 1708 656 1749 carne
671 1708 717 1748 sua
736 1695 821 1747 risum
837 1692 903 1747 Ver·
952 1702 1077 1750 auctores
1097 1709 1129 1749 ac
1146 1697 1286 1765 magistros
1304 1710 1368 1751 suos
1386 1711 1459 1752 soevo
1475 1712 1568 1752 errore
1582 1696 1740 1753 uincentes?

112 1792 175 1845 bum
191 1789 239 1844 bei
252 1797 279 1843 et
297 1789 367 1843 licus
387 1795 479 1842 noster
498 1786 622 1840 omuibus
640 1783 777 1854 discipulii
791 1783 847 1837 suis
861 1782 903 1837 di·
916 1771 940 1832 B
953 1786 1029 1841 illum
1047 1786 1216 1842 Timotheum
1241 1787 1374 1856 loquimur
1392 1790 1559 1857 patricidam,
1574 1791 1619 1860 qui
1638 1797 1739 1844 sanctte

111 1880 210 1936 cebat:
226 1878 314 1934 Videte
326 1894 415 1932 munus
426 1893 495 1931 metu
510 1887 534 1930 et
546 1878 623 1947 pedes
633 1892 711 1942 meos,
722 1876 782 1946 quio
791 1891 836 1945 epo
846 1875 902 1941 ipre
951 1876 1145 1933 recordationis
1164 1877 1458 1949 Proterio·xoperatite‚
1480 1896 1533 1936 non
1548 1881 1634 1935 sulum
1648 1879 1738 1935 cccle-

111 1970 305 2040 xsxxxrptxlptxte
324 1969 531 2039 studueritis
550 1967 653 2038 spiritus
675 1982 779 2022 curnem
800 1974 823 2021 et
842 1982 901 2021 osas
951 1966 1017 2022 siam
1040 1981 1093 2021 uon
1118 1966 1250 2036 religiosis
1273 1969 1426 2024 auctoribus
1456 1971 1614 2038 occupauit,
1640 1982 1734 2024 rerum

109 2079 161 2118 nen
184 2063 270 2128 inlu,
290 2063 356 2116 xisut
379 2077 419 2116 nuc
441 2061 531 2115 uiduis
550 2059 681 2113 lubentem
704 2057 786 2129 (Luc.
808 2058 898 2128 xxxv).
949 2056 1029 2110 etiam
1042 2055 1200 2112 effosionem
1215 2056 1252 2125 pii
1271 2059 1407 2126 sauguinis
1427 2059 1459 2113 ad
1482 2059 1583 2113 crimen
1600 2060 1738 2127 petramo-

111 2151 387 2218 transsumentem
406 2164 459 2206 nou
474 2149 537 2205 isin
550 2148 596 2202 illa
614 2157 731 2204 mutatus
750 2157 898 2218 putaretur,
950 2144 992 2199 nis
1011 2143 1120 2211 adjecit.
1140 2143 1226 2213 ipsius
1241 2159 1337 2216 nempe
1357 2146 1557 2203 damnationem
1579 2146 1737 2202 uniuersalis

109 2243 197 2298 sedin
213 2243 325 2297 ueritate
335 2241 512 2310 assumpsisse
521 2240 688 2296 crederetur.
702 2240 785 2294 Βειιο
794 2254 900 2310 tpxxoqne
949 2244 991 2290 est
1009 2235 1135 2290 Ecclesiae
1155 2250 1206 2290 vox
1225 2236 1322 2303 locuta,
1342 2236 1405 2291 dum
1424 2253 1487 2292 cum
1506 2237 1613 2292 nominc
1630 2250 1737 2306 quoquc

109 2331 223 2387 Tlxoxoe
236 2331 367 2387 tittdenu
381 2334 480 2386 clamat
492 2345 499 2382 :
511 2328 584 2400 infer
598 2330 705 2400 diuitum
726 2338 831 2385 tuomet
843 2330 899 2383 uide
948 2326 1095 2380 Christiani
1116 2326 1226 2382 bonorie
1244 2337 1365 2382 erueret.
1386 2327 1451 2398 Ejtu
1465 2327 1574 2383 Petrum
1594 2339 1736 2397 sequacem

109 2438 201 2476 ιιιιιιιιι
220 2431 345 2478 meet
368 2423 403 2477 dn
425 2438 528 2476 mnuum
551 2431 631 2486 tuum,
646 2430 671 2475 et
692 2422 762 2474 mitte
782 2423 809 2475 in
829 2422 899 2476 lotus
949 2428 1043 2473 uotum
1057 2417 1178 2472 lecerunt
1191 2418 1401 2473 ortbodnxurum
1415 2419 1534 2487 plurime
1545 2418 1692 2487 passiones,
1708 2416 1736 2471 in

110 2530 204 2581 ιιιιιιιιι,
217 2523 243 2569 et
260 2515 316 2569 noli
337 2531 392 2569 csse
411 2514 569 2583 increduius,
581 2515 625 2569 xnl
649 2514 733 2582 fidelis
747 2512 838 2585 (loun,
853 2514 897 2585 x).
952 2512 1051 2580 unibus
1071 2512 1115 2566 iile
1129 2512 1253 2565 uirtutem
1273 2512 1354 2566 animi
1370 2512 1411 2566 sui
1425 2511 1568 2566 cxxxxitauit
1580 2508 1733 2565 ostendere.

110 2605 185 2661 liudc
209 2604 274 2660 doux
296 2612 488 2669 assumeretur,
502 2605 557 2659 duo
573 2603 623 2658 uiri
647 2602 696 2658 risi
715 2604 853 2671 discipulis
870 2604 897 2659 in
948 2603 1029 2658 llnrit
1039 2602 1111 2658 bunc
1127 2603 1249 2673 Ephesus
1259 2619 1319 2658 cum
1332 2613 1385 2658 tnta
1399 2603 1528 2658 societate
1541 2601 1675 2666 Dioscuri,
1689 2599 1735 2654 ubi

108 2709 176 2763 albis
193 2703 315 2760 reatibus
335 2702 487 2758 clamabant
506 2711 534 2755 et
551 2700 691 2755 dicebant:
706 2699 762 2754 Viri
782 2697 896 2768 Gulilni,
947 2711 1008 2751 cum
1022 2696 1150 2765 praedicto
1162 2705 1272 2751 anctore
1287 2697 1387 2766 peccati
1407 2695 1487 2752 linem
1510 2695 1594 2750 sancti
1616 2692 1735 2748 Flauiani

108 2800 167 2867 prid
178 2798 254 2853 statis
267 2795 418 2863 mpicientcs
434 2793 460 2846 iu
474 2792 585 2847 culum?
605 2791 656 2847 llic
668 2791 755 2855 lesus,
767 2795 812 2864 qui
824 2794 897 2847 ullu·
947 2794 1073 2856 operatus
1095 2787 1219 2841 innotuit.

107 2902 146 2946 tua
161 2901 199 2946 cst
213 2907 231 2944 c
244 2888 672 2953 nubimusoelsnt,ittxoeuiet,sicut
685 2888 784 2942 uidistis
797 2899 897 2943 euntem
982 2876 1105 2931 T²⁰0⁰d²
1128 2885 1190 2931 ⁸¹¹⁰!
1209 2877 1358 2932 Ᾰῐῑῑῑθθῑὶῑω
1377 2879 1466 2942 mila·
1489 2877 1535 2933 ubi
1552 2893 1600 2949 W
1622 2875 1735 2932 illelmi

107 2985 134 3038 ξ,
149 2979 454 3053 mm(m‚1)‚cpm
473 2980 575 3034 penem
595 2979 750 3034 omnimodo
767 2979 794 3034 pn
812 2980 896 3050 glorta
948 2965 1020 3021 Petri
1036 2965 1148 3020 nefanda
1162 2965 1275 3020 ludibria
1293 2967 1468 3023 reverendum
1483 2966 1624 3022 sacerdotii
1636 2979 1732 3022 uomeu

107 3073 194 3129 rems
208 3087 270 3128 cun
284 3070 385 3126 unctu
406 3070 508 3139 anesus
522 3069 548 3123 u
563 3069 606 3124 exe
621 3070 734 3125 unium
745 3070 809 3140 jusu
822 3071 895 3139 juct-
948 3057 1203 3124 recismundus
1222 3059 1341 3125 sponte
1362 3066 1390 3112 et
1405 3058 1469 3125 ryu
1482 3058 1612 3128 pentius,
1627 3057 1734 3127 regnu

108 3163 213 3218 „11:350
225 3161 349 3217 puppem
361 3159 446 3216 Jueaet
461 3160 587 3216 videnum
598 3160 625 3214 j„
638 3174 717 3230 quem
732 3175 896 3230 compunge.
909 3120 932 3182 c
947 3146 1105 3201 criminibus
1126 3147 1331 3214 comparandos,
1350 3148 1392 3202 uel
1413 3146 1435 3203 sl
1458 3148 1523 3202 sniis
1543 3157 1638 3217 uacet,
1653 3146 1732 3215 dipxta

107 3260 180 3317 runt.
194 3261 223 3306 et
240 3265 302 3306 curu
325 3250 365 3306 cis
385 3258 540 3320 peccatores
560 3251 641 3305 ettam
664 3251 760 3315 nostrl,
774 3264 836 3306 cum
850 3250 896 3321 qni
948 3237 1033 3306 possit
1050 3236 1241 3293 lamentatione
1263 3238 1392 3293 dellerei
1414 3238 1483 3306 outo
1500 3238 1661 3298 ¹Acacium?
1685 3238 1730 3308 qui

109 3357 199 3398 esurum
212 3342 339 3398 misertus
351 3350 392 3396 est
406 3351 432 3395 et
444 3339 565 3395 liberauit
583 3355 640 3405 eos,
655 3341 791 3410 neglectus
805 3353 896 3397 axxtem
947 3328 1022 3396 i⁰²⁵¹
1038 3327 1099 3381 [¹⁰⁰3
1113 3327 1153 3380 ⁸¹¹5
1167 3327 1268 3382 filim
1285 3338 1424 3397 elilim·
1436 3344 1496 3397 qum
1507 3329 1634 3383 ⁸⁸⁵l¹5⁸⁰⁰
1649 3329 1733 3398 impl·

108 3433 140 3487 ab
153 3433 194 3488 ets
206 3440 259 3488 est.
273 3429 426 3488 Secundum
440 3439 594 3486 vosautem
609 3429 693 3485 sancti
705 3440 733 3484 et
743 3431 806 3499 justi
822 3430 896 3487 uide-
930 3453 932 3456 ⁴
947 3425 1024 3472 ¹³¹¹oe
1041 3417 1217 3485 imiimi·
1239 3432 1310 3472 ¹¹⁰V⁰
1323 3419 1447 3486 e¹0¹¹¹l>¹⁰
1466 3433 1533 3486 l>ine
1550 3418 1733 3489 (101)*θῦοΜ

107 3521 264 3591 uxnxqmn
276 3519 469 3576 direxeramus
481 3532 584 3583 eornm,
595 3527 623 3575 u
633 3518 793 3575 teosumm
804 3521 895 3576 teum
946 3517 988 3562 est
998 3507 1127 3562 adversus
1138 3508 1255 3576 seipsum
1270 3508 1362 3563 cicens
1372 3510 1543 3575 sementen,
1559 3511 1619 3565 tuos
1633 3518 1732 3563 meum

107 3611 233 3668 ineliubili
255 3622 284 3667 et
303 3611 435 3680 eructum,
456 3609 617 3678 accipientes
636 3613 894 3668 consummationem
946 3596 1264 3663 '⁰¹⁰¹11210dtf0ll10ms
1287 3614 1354 3666 ‘1¹¹0‘
1373 3600 1446 3666 prius
1464 3599 1611 3669 8¹⁰ll⁰⁶¹¹l¹¹
1631 3601 1733 3669 l>iuvit

108 3703 169 3758 fiper
181 3717 238 3759 m
251 3704 279 3757 p„
293 3701 408 3758 „rupem
422 3702 569 3756 ,numm
583 3716 702 3766 mmm,
716 3713 743 3759 ep
757 3703 896 3759 puppem„
946 3687 1071 3743 addicere
1081 3687 1140 3756 iol..
1154 3687 1294 3757 objicere),
1314 3697 1342 3743 ct
1353 3688 1478 3744 laboraus
1491 3689 1595 3744 sociare
1611 3688 1733 3746 lidelibus

107 3795 291 3850 suavissimam
313 3792 474 3863 xucemejxxs
497 3792 610 3849 dicentis
627 3811 634 3846 :
651 3793 749 3860 Venite,
769 3794 895 3848 benedicti
945 3792 1014 3848 (1⁰⁰⁸
1040 3777 1140 3832 duflum
1170 3778 1310 3833 ¹¹ffl0¹500⁸
1331 3780 1481 3835 “iillum
1505 3781 1733 3849 lml⁸ll⁰²¹5⁰¹¹l⁸

108 3884 195 3941 Putris
210 3884 430 3952 xnei,ltoeretlitute
444 3894 563 3953 puratum
576 3884 646 3939 solia
659 3886 809 3954 rspnumae
822 3885 896 3940 inepto
945 3868 1119 3924 ostenderat:
1133 3868 1321 3938 propterquod
1338 3869 1453 3926 maxime
1482 3871 1634 3940 lugiendus,
1647 3870 1733 3926 etde·

108 3979 196 4032 uadi
216 3973 331 4048 (llnttlx.
351 3976 433 4046 xxo),
456 3974 538 4046 cnjus
558 3975 644 4031 beata
670 3977 744 4033 poet,
765 3991 826 4032 cum
851 3985 895 4032 ω.
945 3961 1051 4029 signato
1064 3960 1189 4028 superius
1205 3960 1396 4015 'damnatorum
1415 3960 1512 4030 agmini
1532 3959 1731 4028 coaequundus,

108 4066 272 4124 beatitudine
284 4074 313 4123 et
331 4081 380 4122 nos
395 4066 518 4136 indignos
532 4065 655 4136 dignetur
667 4064 788 4124 chrisme
802 4066 895 4122 pomp.
946 4050 990 4104 illa
1003 4060 1185 4120 propterque
1200 4051 1286 4106 idelis
1299 4054 1426 4119 probatus
1442 4063 1482 4106 est
1497 4053 1656 4116 dissolvens,
1671 4066 1732 4121 per·

109 4174 157 4214 m
166 4170 325 4228 Μῶν,
339 4157 614 4223 omnemncfifflme
629 4166 713 4228 pam,
945 4142 1044 4194 mixtus
1061 4143 1102 4195 lxis
1115 4156 1162 4210 per
1175 4155 1243 4210 quos
1265 4141 1340 4195 textu
1351 4141 1476 4196 Ecclesia
1487 4143 1619 4212 generalis
1632 4143 1731 4198 euertit.

978 4229 1116 4284 xldxersus
1141 4230 1190 4284 bos
1211 4230 1234 4284 si
1260 4231 1369 4285 Patmm
1396 4232 1519 4301 dogmata
1547 4233 1615 4289 ratio
1637 4233 1732 4289 suadet

278 4295 443 4352 mmm
463 4296 508 4352 vn
527 4296 621 4368 (οιΙΜ
641 4297 720 4369 vnn·
945 4321 1155 4385 esseseruaudu¹
1176 4321 1300 4393 cogitate,
1323 4324 1345 4378 sl
1362 4333 1473 4392 possunt
1485 4340 1515 4380 es
1529 4325 1623 4394 majori
1640 4336 1731 4381 trans-

347 4401 380 4441 *Β
398 4401 573 4457 ⁰⁸¹⁸⁸⁷¹fflt
585 4402 645 4444 ⁸⁷⁰·
945 4414 1082 4481 cressione
1101 4413 1214 4479 calcari,
1234 4416 1562 4485 quamuuncpereosqui
1575 4417 1732 4487 inpartibus

140 4493 218 4562 Quod
238 4492 296 4550 lieri
312 4493 391 4563 plane
403 4496 536 4566 cupium,
552 4496 575 4551 si
597 4511 657 4567 quse
675 4496 826 4562 scribimus.
841 4499 893 4554 im·
908 4477 932 4538 ⁰
945 4505 1041 4561 restris
1053 4503 1208 4574 Eutycixetis
1221 4505 1345 4572 dogmata
1356 4505 1471 4559 rediuiua
1480 4505 1541 4575 (ul,
1553 4505 1680 4576 recidiua)
1693 4521 1732 4562 rc·

110 4587 240 4654 planem.
255 4585 349 4640 Nullus
358 4594 465 4657 stupeat
477 4598 611 4644 serratum
624 4588 753 4644 bactennx
764 4605 813 4646 uos
823 4606 895 4647 nunc
944 4597 1084 4652 suscitant.
1098 4595 1126 4650 si
1139 4609 1203 4649 xero
1218 4606 1342 4663 tanqunnx
1354 4596 1459 4650 iustrme
1469 4595 1610 4651 constituta
1621 4604 1732 4653 amter-

110 4677 218 4732 snlxisse
233 4677 382 4742 silentium,
395 4692 456 4734 coru
468 4679 668 4747 prudentissimi
680 4681 830 4737 Salomonis
844 4684 893 4738 ixta
947 4685 992 4749 tia,
1008 4686 1067 4740 siue
1082 4685 1185 4755 piaculo
1202 4684 1382 4753 negliguntur,
1397 4687 1465 4739 citra
1479 4685 1562 4740 olium
1580 4686 1663 4742 robur
1673 4700 1732 4741 cre-

111 4784 157 4824 rox
176 4781 320 4841 personet:
334 4770 446 4842 Tunpus
465 4771 604 4842 loquendi,
624 4783 649 4828 ct
677 4785 775 4845 tempus
794 4777 895 4830 tacendi
945 4778 1065 4833 dulitatis
1085 4787 1184 4832 uostrue
1196 4792 1298 4830 sumum
1313 4776 1452 4842 subsistit,
1466 4792 1573 4846 semper
1585 4776 1732 4832 succeden-

111 4861 219 4930 llicclex.
248 4864 301 4933 ιιι).
325 4863 394 4930 Quia
416 4864 621 4919 taciturnitatem
647 4881 765 4934 praeseus
791 4877 895 4939 tempus
946 4869 1016 4925 tibus
1037 4866 1130 4933 uotis,
1154 4877 1244 4921 retem
1268 4868 1408 4922 constituta
1425 4868 1597 4923 solventibus.
1621 4867 1731 4936 Quando

111 4963 261 5021 expugnat:
287 4969 350 5007 uam
375 4954 444 5010 inter
462 4965 559 5011 catera
573 4973 633 5025 quae
651 4957 786 5019 accidunt.
804 4960 893 5026 silere,
946 4959 1017 5013 enim
1033 4970 1203 5028 paternarum
1227 4959 1381 5026 regulorum
1405 4958 1586 5028 despiciuntur
1604 4959 1730 5023 inuenta,

111 5055 159 5096 nec
171 5042 233 5098 iidei
248 5042 367 5100 stimulis
377 5044 504 5109 excitari,
524 5047 611 5115 magui
625 5057 729 5102 constat
743 5063 803 5104 esse
818 5049 895 5105 iasti-
946 5064 996 5103 uec
1009 5049 1102 5103 eurum
1117 5063 1178 5117 quae
1192 5048 1260 5102 beue
1275 5048 1394 5102 instituta
1409 5060 1472 5104 sunt
1490 5049 1601 5104 firmitas
1613 5049 1731 5103 uindica-

111 5129 156 5185 dii.
168 5131 273 5201 Quippe
293 5133 338 5188 ubi
357 5132 494 5205 religionis
510 5137 658 5192 reverentia
672 5147 814 5193 etsumma
827 5154 894 5194 con·
947 5150 998 5202 tur,
1015 5137 1165 5205 txujusmout
1187 5138 1338 5207 impietates
1361 5154 1470 5194 neccsse
1489 5149 1530 5194 est
1555 5138 1614 5193 tud-t
1636 5150 1729 5205 super·

111 5222 217 5292 entitur,
230 5234 323 5291 aptum
333 5225 409 5292 juxta
423 5225 542 5279 diuinam
555 5224 720 5294 scripturam
737 5226 810 5298 (Luc.
827 5233 894 5297 xxxx)
947 5230 1047 5284 uenire.
1074 5227 1139 5283 liam
1164 5229 1209 5283 ubi
1230 5228 1317 5285 iacilis
1340 5230 1480 5285 dissolutio
1498 5239 1540 5286 est
1564 5227 1731 5284 rationabilis

110 5312 209 5381 dicere,
221 5328 271 5370 eos
280 5315 325 5383 nui
336 5324 399 5368 suut
411 5315 500 5382 mites,
514 5313 613 5370 debere
622 5329 682 5370 exse
695 5332 838 5386 pugnaces.
849 5319 893 5374 Si·
946 5319 1103 5385 constituti,
1121 5319 1156 5372 ibi
1171 5320 1261 5374 oxnuix
1274 5320 1424 5375 sanctitatis
1439 5320 1523 5374 iorma
1538 5316 1729 5385 corrumpitur,

110 5403 215 5472 quidem
231 5413 260 5460 ct
272 5404 422 5473 spiritualis
436 5406 557 5474 quaedam
574 5406 629 5461 ileo
643 5416 751 5477 occepta
769 5423 895 5480 congres-
946 5410 1067 5464 Christos
1083 5410 1236 5478 impetitur,
1252 5420 1280 5464 et
1312 5411 1382 5481 (quis
1405 5411 1454 5463 lxoc
1470 5409 1585 5462 stdclixun
1601 5409 1732 5475 patienter

110 5497 150 5548 sio
160 5494 262 5551 indeet
272 5495 439 5552 laudabiliter
451 5498 572 5552 uniuersa
585 5498 692 5565 tolerat,
709 5501 894 5570 nequisquam
944 5499 1096 5569 accipiatl)
1112 5498 1231 5554 instituta
1247 5500 1355 5556 l’atrum
1370 5496 1514 5553 reverenda
1534 5496 1681 5552 calcaretur.
1698 5499 1731 5555 lit

111 5586 233 5643 adirina
252 5587 365 5642 caritate
384 5598 533 5657 separetur,
555 5597 584 5642 et
601 5602 650 5642 uos
669 5589 774 5657 cuidem
796 5592 894 5647 docere
944 5591 1003 5660 quit
1018 5607 1069 5643 mm
1084 5589 1147 5643 uite
1160 5599 1274 5644 mortem
1289 5590 1359 5656 justa
1369 5587 1501 5642 electione
1512 5590 1668 5656 praeponat!
1682 5588 1731 5643 llbi

112 5681 183 5749 quod
194 5678 326 5750 doceatis,
339 5692 421 5750 crare
434 5693 504 5735 onus
516 5678 637 5749 pudoris,
651 5678 698 5736 sed
706 5681 891 5738 necessaium
933 5681 1086 5740 ‹mxbotiuu
1113 5678 1175 5734 lidei
1199 5679 1337 5735 adoranda
1362 5679 1538 5734 reuerentia!
1572 5679 1622 5736 ilbi
1648 5679 1731 5735 utulto
