3774 6120
118 232 170 291 stt
698 222 834 282 uosmet
854 223 1000 283 nstotbtt
1017 224 1180 284 constitu.
1689 221 1741 280 titi

123 339 199 411 Quod
213 336 280 395 mibi
288 337 331 395 rel
341 335 464 408 cuiquam
475 344 586 404 noceat,
598 334 668 408 quod
679 336 797 393 moribus
809 336 907 403 obstet,
920 343 947 403 Α
958 339 1064 396 iussisti
1077 339 1168 395 lucere
1186 335 1261 393 sinus
1273 375 1280 404 ,
1292 332 1429 406 ruptisque
1441 333 1552 392 latebris

120 434 265 499 Vinctaque
276 431 411 499 perpetuis
424 428 543 498 captivet
554 434 664 496 pectora
677 426 764 495 ponis

119 523 248 593 lapsibus
259 520 398 590 indulgens
409 521 503 586 senia,
517 532 583 589 quos
596 517 697 588 primus
707 518 734 574 in
746 530 852 572 onmem

118 610 248 668 Serrandi
264 609 354 680 leges,
368 617 399 664 ct
411 609 472 663 ritas
485 605 612 677 prouidus
625 616 729 673 auctor,

119 702 224 757 iudicio
236 700 379 755 miseraute
394 698 484 762 leues,
497 705 527 752 ut
539 696 631 753 mitius
644 709 726 766 anqsr
741 712 749 751 ι

121 791 252 847 Pueoiteat
265 802 389 857 peccasse
404 787 462 857 tibi,
477 795 507 843 et
518 787 566 842 tibi
579 785 698 856 corrigar
709 784 798 845 obses.

119 879 246 936 Parcendi
260 878 376 940 uindicta
388 890 447 933 reos
458 889 651 946 capcmunera,
662 888 764 945 quasso,

116 973 178 1026 ilris
191 984 275 1040 eqeua
290 969 357 1037 mei,
374 969 411 1034 nil
426 967 534 1040 dignum
548 965 626 1023 laude
638 966 774 1033 canentis,
827 999 833 1012 -

120 1061 185 1115 lota
199 1059 283 1130 maqis
296 1073 374 1126 quam
390 1058 459 1113 dona
474 1058 587 1128 probes,
602 1070 653 1112 nec
665 1054 768 1110 ratibus
780 1057 844 1111 istas

119 1150 303 1212 innumeros,
319 1144 393 1202 laudi
405 1146 498 1200 doctas
511 1144 649 1200 erroribus
663 1151 751 1209 artes,

47 1234 52 1241 '
118 1241 191 1307 Quas
205 1239 367 1310 Aganippea
381 1236 546 1294 Permessius
560 1234 650 1290 accola
664 1231 795 1304 tympus,

120 1331 221 1386 llausto
234 1329 308 1385 lotrte
320 1329 410 1393 ciens,
426 1340 493 1381 rana
503 1324 645 1381 dulcedine
657 1331 742 1392 captas

119 1421 219 1482 Pabula
230 1418 326 1476 mentis
337 1419 416 1475 babet
427 1431 540 1488 seseque
554 1416 669 1471 oblectat
683 1415 755 1471 inani

119 1510 268 1576 llurmure,
287 1524 340 1578 quo
354 1507 494 1570 blandiris
505 1506 610 1578 pollens
622 1504 749 1563 carminis
761 1518 819 1563 ore.

155 1600 223 1656 ilinc
236 1601 316 1656 etiam
331 1607 424 1656 nostro
437 1608 534 1669 ouqata
545 1605 588 1654 est
598 1597 707 1654 sebeon
721 1595 825 1663 dolori,

119 1686 232 1745 Garrrsla
245 1688 380 1748 mendosis
395 1688 498 1758 dnqens
509 1697 672 1760 satyromata
684 1687 776 1744 llusis.

120 1779 237 1837 Falleret
248 1787 278 1835 ut
292 1779 410 1849 trepidos
423 1780 555 1835 cantatrix
569 1779 663 1849 pagina
676 1786 802 1849 questus,

119 1867 155 1923 dt
164 1869 212 1923 tibi
222 1883 298 1924 meus
310 1868 432 1924 corrlessa
444 1876 532 1937 patet,
546 1867 594 1922 sibi
607 1867 694 1924 luudit
706 1866 837 1924 anbelaos

119 1957 196 2013 Seria
210 1957 299 2028 iinqsra
314 1971 425 2026 preces,
439 1965 467 2014 ct
479 1955 569 2013 sobria
580 1956 662 2013 rerba
675 1958 782 2028 tatiqat,

119 2046 159 2108 Tu
175 2047 321 2113 Dominus,
337 2057 365 2102 ιι
380 2061 460 2105 rcrus
474 2047 560 2104 bonos
576 2062 608 2104 ac
619 2047 705 2118 gloria
719 2062 832 2118 perpes,

121 2140 208 2206 tttqne
223 2136 311 2207 opilea
324 2152 432 2203 rerum,
448 2146 476 2193 tu
489 2151 551 2207 spes
565 2138 703 2194 manilesta
718 2139 834 2195 reducto

122 2225 333 2295 Exemplumque
343 2240 425 2297 capas
439 2227 558 2283 animm:
574 2238 601 2282 tu
615 2231 700 2284 uictor
712 2236 740 2284 et
754 2227 841 2290 haeres

119 2311 247 2383 Corporis
257 2313 376 2382 occidui,
392 2326 453 2386 post
463 2315 533 2372 idem
546 2326 574 2374 et
588 2317 707 2375 membra
718 2327 872 2388 superstes.

121 2404 186 2459 Post
199 2402 303 2459 inlerna
317 2404 405 2471 licus,
424 2414 451 2462 et
472 2417 531 2476 post
546 2407 667 2463 mortalia
681 2407 769 2469 uirus,

121 2500 162 2554 Tu
177 2499 266 2555 dirioa
280 2500 367 2568 salus,
382 2500 509 2571 strepitus
522 2502 663 2561 urbermus
677 2513 784 2558 amaros

82 2652 87 2661 1
122 2594 161 2643 lic
175 2590 283 2647 morbos
298 2590 432 2662 [priusque
445 2592 555 2661 dolens,
569 2601 598 2649 et
609 2591 721 2648 crimina
734 2593 791 2650 lesi

123 2680 281 2751 Sanguinis,
297 2682 325 2744 iu
341 2692 447 2738 nostros
461 2697 556 2754 passus
569 2681 733 2740 descendere
747 2686 838 2750 risus,

51 2791 54 2795 v
123 2770 210 2844 Atque
224 2770 359 2827 bominem
372 2773 485 2828 miscere
500 2772 570 2840 lico,
584 2788 647 2828 mos
660 2774 769 2830 conscia
780 2774 839 2831 ueri

125 2859 249 2914 Exhibuit
261 2859 420 2917 documenta
436 2861 502 2919 ildes
512 2903 520 2931 ,
532 2861 712 2934 praedictaque
726 2864 821 2934 priscis

124 2951 316 3021 Temporibus,
330 2955 432 3024 stupuit
444 2954 572 3010 miracola
586 2955 708 3012 subditus
719 2956 802 3013 orbis.

955 429 1107 499 conceptos
1124 427 1242 500 mordere
1253 426 1330 492 dies,
1346 440 1378 481 ae
1392 435 1470 482 nocte
1480 424 1568 495 luqats

956 517 1111 573 lloustrilici
1125 516 1233 582 vultus,
1250 515 1335 571 iecisti
1350 515 1451 570 lumina
1465 528 1549 571 amco.

991 607 1042 664 Per
1052 617 1089 677 te,
1102 621 1206 663 summe
1221 607 1310 675 Pater,
1322 604 1408 661 uulsis
1422 604 1594 674 compagibus
1604 619 1678 674 mser

956 696 1007 751 llis
1022 698 1113 751 anima
1125 696 1260 752 residente
1271 693 1356 760 redit,
1371 695 1434 764 quin
1448 702 1554 749 mortua
1569 693 1651 749 lunus

955 786 1022 842 Ossa
1038 787 1148 843 trahens
1159 786 1234 843 serbi
1248 801 1342 842 sanum
1358 785 1472 852 uirtute,
1489 785 1608 853 receptis

958 876 1065 932 linibus
1075 875 1169 933 exiluit
1182 892 1189 930 ε
1204 890 1264 930 uam
1273 874 1328 945 jam
1341 873 1403 945 quia
1415 875 1488 944 lapsa
1503 887 1615 929 manere

956 963 1015 1021 lion
1029 973 1149 1034 poterat,
1160 964 1229 1023 dum
1238 963 1353 1033 subjecit
1364 962 1432 1018 colla
1447 962 1571 1032 grabato.

956 1054 995 1108 Tu
1009 1054 1119 1114 nrorltos
1132 1053 1260 1110 cohibere
1275 1061 1387 1123 potans,
1401 1053 1540 1122 pulsisque
1557 1055 1678 1123 sepulcri

957 1143 1098 1211 Luctibus,
1111 1152 1192 1214 atque
1205 1143 1302 1198 animis
1313 1143 1375 1200 rita
1389 1157 1516 1201 revocare
1528 1144 1656 1215 cadareq

956 1230 1144 1301 Goolractiqoc
1156 1230 1239 1288 trucis
1250 1230 1357 1287 calcare
1375 1230 1501 1302 repagula
1517 1232 1599 1302 letbi,

958 1320 1040 1377 liuius
1055 1329 1084 1377 ut
1096 1324 1168 1378 uultu
1182 1320 1327 1389 redeunte,
1347 1333 1502 1393 capesseret
1514 1323 1606 1391 orbis,

956 1411 1025 1480 Quid
1039 1413 1142 1468 cunctis
1153 1412 1275 1469 conferre
1286 1413 1342 1468 sois
1357 1422 1401 1469 tua
1418 1411 1511 1469 dextra
1528 1417 1641 1484 pararit.

956 1501 1012 1556 ileo
1023 1500 1101 1558 nobis
1113 1500 1241 1558 fundasse
1252 1502 1340 1558 solurn
1353 1503 1492 1573 qraridare
1505 1505 1632 1571 novales,

959 1591 1088 1647 Eliodissc
1099 1604 1191 1649 comas
1202 1592 1293 1660 silrls,
1307 1600 1334 1648 et
1344 1593 1462 1663 gramina
1474 1596 1569 1664 protis.

921 1695 944 1752 p
957 1682 1112 1751 Subiecissc
1125 1680 1197 1738 ieras
1211 1683 1299 1738 rarios
1312 1697 1442 1739 renovare
1457 1683 1593 1754 liquores,

957 1771 1074 1826 Alitibus
1088 1785 1209 1828 reserare
1223 1785 1317 1838 auras,
1331 1781 1360 1828 ct
1371 1773 1489 1844 piscibus
1502 1774 1588 1829 undas

957 1862 1105 1919 Contentus
1118 1869 1292 1934 oostmmque
1302 1877 1387 1934 qeuus
1397 1863 1503 1920 ratione
1515 1865 1605 1935 sagaci

958 1954 993 2010 Et
1003 1953 1067 2010 lorti
1080 1953 1199 2015 munisse
1210 1967 1309 2022 manu,
1322 1968 1423 2026 perque
1436 1967 1507 2010 astra
1523 1956 1642 2017 leuatum

958 2044 1081 2106 Eresisse
1089 2052 1188 2117 caput,
1201 2054 1291 2107 motus
1303 2045 1474 2103 manantibus
1486 2046 1554 2110 olim

960 2137 1112 2207 Subreuis,
1124 2144 1154 2194 ct
1166 2135 1245 2209 primi
1260 2136 1389 2198 medicata
1404 2136 1464 2197 labe
1476 2145 1583 2205 rectus,

958 2226 1111 2290 Exstinctas
1125 2227 1242 2294 animas,
1257 2237 1285 2284 et
1297 2240 1411 2298 corpora
1425 2226 1515 2283 iuncta
1529 2226 1639 2291 reducis

958 2318 987 2374 ln
998 2318 1107 2388 coelum,
1119 2318 1244 2390 legesque
1254 2317 1311 2389 pias
1324 2333 1331 2371 :
1346 2333 1401 2380 nou
1412 2317 1539 2377 maribus
1551 2316 1643 2376 benus

960 2409 1056 2478 bessis
1066 2417 1095 2465 et
1104 2409 1240 2477 coieritte,
1251 2423 1301 2465 uec
1311 2400 1399 2464 mollis
1411 2408 1493 2465 reads
1506 2407 1626 2474 bonore,

962 2498 1071 2570 Pulqida
1083 2498 1186 2555 Sidonii
1198 2514 1278 2570 quam
1292 2499 1387 2569 polluit
1396 2499 1466 2554 unda
1481 2499 1597 2567 rencoi,

963 2591 1082 2658 Pellibus
1096 2601 1142 2648 aut
1154 2590 1263 2663 libycis
1278 2590 1433 2661 redimens,
1448 2602 1496 2646 aut
1506 2591 1643 2648 mercibus
1661 2591 1742 2662 indis

928 2752 934 2759 ‚
959 2681 1120 2752 Progeniem
1132 2681 1296 2752 stirpemque
1311 2689 1399 2746 tuam,
1412 2681 1460 2738 scd
1474 2682 1604 2752 sanquine
1619 2697 1696 2739 sacm

962 2771 994 2828 Et
1006 2773 1091 2842 pretio
1104 2786 1201 2844 niaque
1215 2770 1314 2838 dunas,
1328 2773 1374 2842 qui
1385 2771 1485 2827 lubrica
1499 2786 1589 2828 mores

963 2865 1037 2921 luter
1048 2865 1167 2921 membra
1177 2863 1291 2931 docens,
1302 2872 1332 2920 ut
1343 2865 1424 2920 uitam
1435 2863 1548 2921 reddere
1561 2878 1673 2943 posses,

961 2954 1054 3010 llicisti
1065 2953 1158 3024 culpas
1172 2953 1272 3010 meritae
1286 2968 1335 3022 pru
1345 2952 1456 3033 crimine
1469 2955 1573 3030 carnis,

123 3039 158 3097 Bt
171 3041 213 3097 eui
228 3051 299 3098 terra
312 3040 384 3110 iacet
398 3043 508 3115 palaque
521 3044 596 3111 silet,
611 3053 691 3114 atquc
703 3045 821 3102 coruscis
922 3053 946 3116 (ς
960 3043 1076 3100 Laudem
1090 3044 1178 3100 carnis
1191 3058 1287 3115 ageos,
1304 3058 1351 3113 per
1366 3052 1405 3100 tot
1417 3046 1540 3123 concupio
1555 3059 1651 3113 purus,

122 3129 266 3198 ohsequiis
277 3130 380 3187 seruire
393 3130 481 3186 minor
489 3131 532 3186 ris
545 3131 643 3187 suldcit
656 3130 751 3199 emer,

123 3220 293 3290 catcatisqqs
303 3221 375 3276 celer
389 3221 530 3279 lamulatur
544 3221 748 3284 sublimaris:

125 3309 202 3364 llunc
212 3309 369 3379 gravidante
385 3311 439 3366 [teo
453 3312 574 3373 mortalis
588 3313 677 3368 nescia
690 3310 771 3381 lctus,

127 3402 269 3471 l'irqinitas
282 3403 394 3459 iocunda
407 3403 465 3459 tulit
475 3442 483 3474 ,
495 3412 624 3474 partuque
638 3403 734 3474 pudico

127 3492 266 3561 lispletum
281 3500 323 3548 est
337 3493 442 3564 pietatis
456 3509 539 3563 opus,
552 3509 601 3550 nec
614 3495 688 3551 euim
699 3494 792 3550 ederet
805 3502 892 3550 ortum

128 3584 248 3653 llulgasis
261 3594 354 3640 natura
368 3599 484 3650 suorum,
498 3598 641 3655 coramque
653 3592 757 3656 poteret

128 3672 272 3742 llaJestutis
284 3688 371 3744 apes,
386 3673 409 3733 si
421 3675 457 3741 nil
470 3674 593 3732 mirabile
608 3675 701 3741 terris,
738 3729 746 3734 .

127 3763 300 3835 ignotumque
315 3763 405 3834 daret,
417 3778 467 3819 nce
481 3763 546 3819 tanti
559 3763 669 3834 piqnora
684 3762 755 3819 lctus

128 3854 253 3910 enituere
265 3854 362 3920 simul,
378 3869 438 3909 uam
452 3855 524 3910 claro
538 3855 626 3912 sidere
638 3855 763 3914 mundus.

127 3945 257 4001 irradians
274 3946 361 4001 rutilae
382 3946 449 4001 lucis
467 3947 592 4017 cognovit
606 3946 735 4002 bonorem

127 4037 269 4090 Auctorem
285 4034 387 4103 perisse
401 4048 495 4100 suum,
509 4036 554 4106 qui
570 4036 667 4090 nobilia
684 4036 733 4090 :cri

17 4150 20 4155 ·
127 4123 313 4178 inchoamenta
324 4137 432 4193 gerens,
446 4122 553 4194 lraqiles
569 4125 699 4194 processit
712 4124 739 4178 in
751 4133 834 4192 artus.

163 4212 287 4268 Protinus
294 4215 437 4282 assumptis
448 4213 566 4269 tolerans
576 4212 636 4268 data
644 4221 764 4282 tempora
775 4211 901 4268 membris

127 4304 211 4370 Quem
226 4304 263 4357 nil
278 4312 339 4363 anie
352 4303 417 4372 iuis,
430 4317 480 4360 nec
494 4304 565 4360 eninr
581 4313 669 4360 exstat
681 4303 756 4374 origo
768 4303 850 4359 creati

961 3131 1074 3205 Praeque
1087 3133 1195 3192 bomine
1208 3135 1359 3203 exsultans,
1374 3134 1490 3191 bominis
1505 3136 1627 3205 perlerre
1642 3137 1749 3201 dolores

960 3221 994 3278 Et
1005 3231 1117 3280 mortem
1131 3238 1180 3293 pro
1191 3233 1278 3280 morte
1293 3224 1364 3304 pati,
1381 3226 1531 3296 persoluere
1543 3227 1651 3297 signum

928 3339 937 3348 ·
959 3312 1090 3370 Culminis
1102 3314 1213 3375 arborei
1224 3355 1234 3395 ,
1247 3331 1296 3387 pro
1310 3318 1394 3378 nostri
1409 3318 1501 3374 lunera
1514 3319 1589 3390 liqni.

961 3407 1001 3461 Es
1015 3422 1069 3478 qno
1084 3423 1161 3478 poena
1175 3410 1249 3480 prior
1263 3418 1363 3467 naturae
1375 3410 1435 3481 jura
1449 3411 1607 3480 momordit,

964 3495 1123 3567 llumpentis
1135 3499 1271 3567 monitus,
1285 3510 1312 3555 et
1324 3501 1400 3570 iussa
1414 3500 1530 3557 verenda
1545 3504 1665 3572 parentis

961 3589 1130 3661 nutibusque
1143 3591 1203 3658 sui,
1217 3591 1259 3647 cui
1268 3591 1366 3662 iugiter
1376 3605 1436 3648 esse
1446 3593 1609 3662 precandum

962 3680 1084 3735 Esoerrsis
1096 3681 1235 3751 mortibus,
1251 3681 1364 3739 merenti
1378 3684 1404 3737 in
1421 3682 1512 3738 ionere
1525 3693 1610 3740 tensae

962 3769 1142 3833 llonstrauere
1152 3785 1266 3838 manus,
1282 3781 1311 3836 ιι
1323 3773 1401 3829 risar
1416 3773 1500 3844 gloria
1516 3774 1597 3830 terris

962 3862 1116 3927 desereret,
1134 3871 1265 3919 tormenta
1279 3864 1365 3920 crucis
1378 3879 1428 3920 nec
1440 3865 1552 3935 quisquc
1563 3878 1672 3923 recuset

962 3950 1015 4017 Pro
1028 3951 1140 4007 bomine
1152 3954 1266 4011 tolerare
1281 3955 1381 4022 libens,
1396 3957 1584 4015 cunctantibus
1598 3958 1688 4024 ulnis,

962 4041 1037 4108 Quod
1052 4043 1178 4099 [lominus
1191 4059 1239 4114 pso
1250 4045 1329 4116 plebe
1343 4046 1403 4100 tulit
1417 4061 1426 4101 ι
1441 4061 1489 4103 nec
1503 4046 1594 4103 dicere
1608 4048 1651 4103 lus
1664 4059 1707 4115 est

962 4135 1090 4191 Sensibus
1100 4137 1223 4206 eripuis,
1236 4147 1338 4208 quanto
1349 4137 1501 4211 flicbsatur
1520 4138 1624 4197 bonore

962 4224 1069 4290 Gratia,
1079 4242 1139 4297 quae
1151 4228 1220 4284 sacri
1233 4244 1356 4285 reserans
1369 4230 1512 4298 penetralia
1526 4230 1624 4299 tontis,

963 4311 1092 4370 Provocat
1101 4315 1134 4372 ad
1147 4316 1251 4371 reniam
1266 4327 1396 4373 cunctos:
1412 4319 1558 4390 meliusque
1572 4323 1680 4378 renasci

129 4395 272 4464 Principii,
286 4394 359 4452 nasci
372 4395 442 4467 quod
457 4404 517 4465 post
532 4394 602 4451 licus
616 4395 704 4450 omnia
719 4405 806 4464 posset
820 4435 828 4460 ,
925 4395 950 4456 Ι)
963 4401 1044 4462 Posse
1057 4403 1145 4469 dedit,
1160 4418 1323 4476 superasque
1333 4406 1405 4464 iores
1415 4421 1442 4464 et
1456 4408 1546 4463 iimina
1559 4410 1672 4477 pandit,

128 4487 191 4549 Quae
206 4485 296 4553 genuit
309 4500 369 4540 cum
387 4492 478 4554 patre,
493 4494 594 4540 etcum
609 4483 755 4553 spiramine
769 4496 875 4556 msqnu.

130 4572 163 4627 Et
176 4573 271 4641 triplca
285 4575 312 4629 io
325 4573 403 4629 lande
420 4574 507 4643 viper,
520 4588 680 4644 semperque
693 4573 805 4651 vigebit,

132 4663 252 4718 Exsoluit
269 4662 355 4719 divino
366 4665 419 4736 piis
432 4663 561 4725 cunabula
575 4672 682 4734 sancta,

131 4752 284 4821 fulgentem
298 4768 380 4823 super
393 4765 465 4810 astra
478 4753 591 4823 sidens,
605 4769 684 4826 qoem
697 4763 768 4822 tesca
787 4755 893 4814 levarit.

130 4841 201 4897 Gens
213 4841 336 4897 cbatdaea
352 4842 435 4899 beon
448 4858 509 4901 cum
523 4855 622 4901 sancte
634 4843 746 4916 praedita
760 4839 873 4916 daromae

131 4932 257 4996 Lumine,
271 4943 499 5005 monstratumque
514 4935 582 5005 polis
593 4945 733 5006 prosecuta
747 4936 880 5005 nitorem,

121 5023 282 5082 -Promcruit
295 5034 320 5078 te
332 5038 410 5080 nosse
424 5027 495 5095 prior
507 5037 617 5084 sensura
631 5028 738 5094 dicatis,

131 5113 181 5176 Per
192 5114 307 5182 speciem
321 5113 480 5171 documenta
500 5117 606 5188 lercns,
621 5119 666 5174 dat
682 5133 808 5183 munera,
821 5119 878 5191 regi

132 5205 267 5272 Divinitas,
276 5205 322 5261 dat
336 5204 413 5260 tbura
428 5206 493 5271 beo,
504 5208 692 5279 myrrhamque
706 5187 840 5280 sepulcro,

131 5295 185 5351 lllie
196 5295 340 5367 omniparis
354 5296 485 5351 succrevit
496 5296 578 5367 gloria
594 5299 683 5362 serbi,

130 5387 255 5457 betaque
270 5390 330 5443 rina
345 5387 443 5456 thoris,
459 5397 487 5443 et
500 5387 602 5444 lercula
615 5389 718 5444 reddita
733 5390 832 5446 mensis
851 5406 857 5445 :

132 5475 273 5546 Obstupuit
286 5477 398 5547 populus
408 5476 549 5533 cumulatis
563 5477 683 5534 lancibus
695 5477 806 5548 boopes,

133 5562 253 5620 Pronuba
265 5568 400 5638 congestis
411 5566 523 5638 dapibus
533 5569 652 5624 conriria
667 5566 778 5626 doeens.

135 5647 174 5709 lo
186 5653 258 5708 tenui
273 5662 343 5715 tactu
357 5658 503 5719 tencbmsc
518 5658 612 5720 irootis
625 5658 719 5723 istaut

963 4492 1004 4549 bd
1019 4496 1108 4551 mundi
1123 4497 1233 4567 potioris
1245 4499 1306 4566 iter,
1321 4513 1484 4571 regnumque
1498 4515 1617 4569 perenne

871 4661 874 4666 Ι
964 4583 1085 4642 Coelestis
1097 4588 1188 4656 patrie
1202 4607 1207 4641 :
1218 4588 1273 4658 ium
1286 4605 1338 4645 non
1351 4590 1395 4646 bic
1406 4592 1480 4647 arida
1491 4591 1588 4657 lebris,

964 4674 1021 4730 lloo
1035 4676 1108 4745 sitis,
1122 4685 1167 4734 aut
1180 4678 1296 4735 violenta
1311 4679 1412 4748 lomes,
1429 4695 1481 4737 uon
1497 4680 1605 4743 flammo
1625 4681 1749 4747 timorist

964 4765 1019 4821 Nec
1032 4765 1147 4834 bellum,
1161 4783 1211 4824 nec
1224 4768 1333 4829 morbus
1344 4771 1410 4838 eric,
1427 4786 1476 4826 nee
1491 4773 1579 4841 iniqua
1596 4781 1718 4842 potestas

965 4853 1078 4922 Saeviet,
1092 4867 1139 4913 aut
1150 4856 1221 4914 lerro
1235 4859 1373 4930 quisquam
1386 4862 1522 4924 exercebit
1535 4862 1665 4929 adempto

962 4946 1010 5004 lus
1023 4949 1148 5015 sceleris,
1160 4960 1284 5020 raptorve
1298 4965 1397 5008 nocens
1409 4952 1588 5008 dominabitur
1601 4954 1676 5011 ullos

963 5039 1151 5109 senensem,
1166 5040 1201 5109 pii
1217 5041 1358 5109 portabunt
1371 5044 1479 5112 praemia
1498 5058 1607 5111 mores,

964 5127 1073 5184 Etssdus
1086 5128 1237 5198 splendebit
1251 5144 1336 5199 amor,
1351 5130 1494 5202 uiridisque
1505 5133 1645 5202 juventus.

963 5218 1022 5276 llon
1037 5230 1144 5289 reptans
1158 5221 1253 5284 taeitos
1265 5222 1374 5284 inluntia
1386 5233 1508 5279 conteret
1519 5239 1623 5290 annuos,

964 5309 1048 5366 Curua
1061 5324 1111 5366 nec
1122 5320 1215 5366 exusto
1228 5312 1374 5374 sulcabitur
1387 5326 1434 5368 ore
1448 5323 1575 5369 seuecms
1589 5333 1595 5369 :

964 5401 1026 5456 Sola
1041 5403 1117 5469 quies
1131 5401 1190 5458 laeta
1206 5402 1322 5458 instabili
1339 5402 1470 5458 letabitur
1485 5418 1555 5459 mro.

964 5491 1103 5548 Credimus
1115 5502 1142 5548 ct
1154 5493 1257 5563 placida
1271 5495 1375 5551 bomini
1389 5497 1485 5565 pietate
1497 5495 1515 5551 ir
1523 5511 1619 5554 uemur
1638 5573 1640 5576 y

965 5583 1016 5645 ilic
1028 5600 1134 5659 quoquc
1146 5585 1269 5657 iustitie,
1284 5594 1313 5642 et
1325 5596 1462 5655 sperantes
1479 5604 1591 5648 munera
1604 5593 1681 5664 rite,
