<?xml version="1.0" encoding="UTF-8"?>
<!DOCTYPE html PUBLIC "-//W3C//DTD XHTML 1.0 Transitional//EN"
    "http://www.w3.org/TR/xhtml1/DTD/xhtml1-transitional.dtd">
<html xmlns="http://www.w3.org/1999/xhtml" xml:lang="en" lang="en">
 <head>
  <title>
</title>
<meta http-equiv="Content-Type" content="text/html;charset=utf-8" />
  <meta name='ocr-system' content='tesseract 3.04.00' />
  <meta name='ocr-capabilities' content='ocr_page ocr_carea ocr_par ocr_line ocrx_word'/>
</head>
<body>
  <div class='ocr_page' id='page_1' title='image "./patrologiaecurs32unkngoog_0457.png"; bbox 0 0 3774 6120; ppageno 0'>
   <div class='ocr_carea' id='block_1_1' title="bbox 138 259 189 314">
    <p class='ocr_par' dir='ltr' id='par_1_1' title="bbox 138 259 189 314">
     <span class='ocr_line' id='line_1_1' title="bbox 138 259 189 314; baseline -0.039 0"><span class='ocrx_word' id='word_1_1' title='bbox 138 259 189 314; x_wconf 79' lang='lat' dir='ltr'><strong>tib</strong></span> 
     </span>
    </p>
   </div>
   <div class='ocr_carea' id='block_1_2' title="bbox 669 252 1220 317">
    <p class='ocr_par' dir='ltr' id='par_1_2' title="bbox 669 252 1220 317">
     <span class='ocr_line' id='line_1_2' title="bbox 669 252 1220 317; baseline 0.007 -4"><span class='ocrx_word' id='word_1_2' title='bbox 669 258 700 313; x_wconf 84' lang='lat' dir='ltr'><strong>D.</strong></span> <span class='ocrx_word' id='word_1_3' title='bbox 721 255 877 314; x_wconf 75' lang='lat' dir='ltr'>EUGYPPH</span> <span class='ocrx_word' id='word_1_4' title='bbox 897 255 1042 313; x_wconf 76' lang='lat' dir='ltr'><strong>henniis</strong></span> <span class='ocrx_word' id='word_1_5' title='bbox 1060 252 1220 317; x_wconf 73' lang='lat' dir='ltr'><strong>tentetur</strong></span> 
     </span>
    </p>
   </div>
   <div class='ocr_carea' id='block_1_3' title="bbox 1717 266 1771 324">
    <p class='ocr_par' dir='ltr' id='par_1_3' title="bbox 1717 266 1771 324">
     <span class='ocr_line' id='line_1_3' title="bbox 1717 266 1771 324; baseline 0.074 -4"><span class='ocrx_word' id='word_1_6' title='bbox 1717 266 1771 324; x_wconf 74' lang='lat'><strong>878</strong></span> 
     </span>
    </p>
   </div>
   <div class='ocr_carea' id='block_1_4' title="bbox 136 361 1772 444">
    <p class='ocr_par' dir='ltr' id='par_1_4' title="bbox 136 361 1772 444">
     <span class='ocr_line' id='line_1_4' title="bbox 136 361 1772 444; baseline 0.004 -18"><span class='ocrx_word' id='word_1_7' title='bbox 136 370 263 426; x_wconf 90' lang='lat' dir='ltr'><strong>continuo</strong></span> <span class='ocrx_word' id='word_1_8' title='bbox 275 361 449 425; x_wconf 88' lang='lat' dir='ltr'><strong>redeuntibus</strong></span> <span class='ocrx_word' id='word_1_9' title='bbox 464 369 591 440; x_wconf 86' lang='lat' dir='ltr'><strong>peccatis,</strong></span> <span class='ocrx_word' id='word_1_10' title='bbox 608 384 667 439; x_wconf 80' lang='lat' dir='ltr'><strong>que</strong></span> <span class='ocrx_word' id='word_1_11' title='bbox 681 367 850 438; x_wconf 89' lang='lat' dir='ltr'><strong>baptismatis</strong></span> <span class='ocrx_word' id='word_1_12' title='bbox 862 382 922 421; x_wconf 87' lang='lat' dir='ltr'><strong>sau·</strong></span> <span class='ocrx_word' id='word_1_13' title='bbox 938 370 961 429; x_wconf 79' lang='grc' dir='ltr'><strong>Α</strong></span> <span class='ocrx_word' id='word_1_14' title='bbox 976 380 1063 423; x_wconf 91' lang='lat' dir='ltr'><strong>smum</strong></span> <span class='ocrx_word' id='word_1_15' title='bbox 1077 385 1157 440; x_wconf 89' lang='lat' dir='ltr'><strong>quern</strong></span> <span class='ocrx_word' id='word_1_16' title='bbox 1172 381 1244 428; x_wconf 90' lang='lat' dir='ltr'><strong>tauta</strong></span> <span class='ocrx_word' id='word_1_17' title='bbox 1264 372 1435 429; x_wconf 84' lang='lat' dir='ltr'><strong>testinatione</strong></span> <span class='ocrx_word' id='word_1_18' title='bbox 1454 374 1563 444; x_wconf 87' lang='lat' dir='ltr'><strong>accipit,</strong></span> <span class='ocrx_word' id='word_1_19' title='bbox 1587 383 1616 430; x_wconf 93' lang='lat' dir='ltr'><strong>ut</strong></span> <span class='ocrx_word' id='word_1_20' title='bbox 1638 388 1772 435; x_wconf 59' lang='grc' dir='ltr'>ιιοοοοςιο·</span> 
     </span>
    </p>
   </div>
   <div class='ocr_carea' id='block_1_5' title="bbox 135 460 923 622">
    <p class='ocr_par' dir='ltr' id='par_1_5' title="bbox 135 460 923 622">
     <span class='ocr_line' id='line_1_5' title="bbox 136 460 919 532; baseline -0.006 -14"><span class='ocrx_word' id='word_1_21' title='bbox 136 463 212 518; x_wconf 83' lang='lat' dir='ltr'><strong>evitas</strong></span> <span class='ocrx_word' id='word_1_22' title='bbox 223 463 250 520; x_wconf 92' lang='lat' dir='ltr'><strong>in</strong></span> <span class='ocrx_word' id='word_1_23' title='bbox 264 463 309 517; x_wconf 91' lang='lat' dir='ltr'><strong>illo</strong></span> <span class='ocrx_word' id='word_1_24' title='bbox 318 464 446 531; x_wconf 89' lang='lat' dir='ltr'><strong>temporis</strong></span> <span class='ocrx_word' id='word_1_25' title='bbox 460 470 557 532; x_wconf 88' lang='lat' dir='ltr'><strong>puncto</strong></span> <span class='ocrx_word' id='word_1_26' title='bbox 571 460 723 526; x_wconf 71' lang='lat' dir='ltr'><strong>dimiserat,</strong></span> <span class='ocrx_word' id='word_1_27' title='bbox 738 469 864 529; x_wconf 89' lang='lat' dir='ltr'><strong>tanquam</strong></span> <span class='ocrx_word' id='word_1_28' title='bbox 876 473 919 514; x_wconf 91' lang='lat' dir='ltr'><strong>re·</strong></span> 
     </span>
     <span class='ocr_line' id='line_1_6' title="bbox 135 550 923 622; baseline -0.003 -16"><span class='ocrx_word' id='word_1_29' title='bbox 135 553 235 609; x_wconf 85' lang='lat' dir='ltr'><strong>denttte</strong></span> <span class='ocrx_word' id='word_1_30' title='bbox 256 551 429 617; x_wconf 86' lang='lat' dir='ltr'><strong>obscuritate,</strong></span> <span class='ocrx_word' id='word_1_31' title='bbox 456 567 534 622; x_wconf 81' lang='lat' dir='ltr'><strong>qoam</strong></span> <span class='ocrx_word' id='word_1_32' title='bbox 561 551 606 605; x_wconf 90' lang='lat' dir='ltr'><strong>lux</strong></span> <span class='ocrx_word' id='word_1_33' title='bbox 628 550 654 605; x_wconf 91' lang='lat' dir='ltr'><strong>in</strong></span> <span class='ocrx_word' id='word_1_34' title='bbox 683 551 797 606; x_wconf 90' lang='lat' dir='ltr'><strong>transitu</strong></span> <span class='ocrx_word' id='word_1_35' title='bbox 825 563 923 606; x_wconf 90' lang='lat' dir='ltr'><strong>excus-</strong></span> 
     </span>
    </p>
   </div>
   <div class='ocr_carea' id='block_1_6' title="bbox 135 657 644 769">
    <p class='ocr_par' dir='ltr' id='par_1_6' title="bbox 135 657 644 769">
     <span class='ocr_line' id='line_1_7' title="bbox 135 657 644 769; baseline 0.004 -2"><span class='ocrx_word' id='word_1_36' title='bbox 135 657 215 702; x_wconf 48' lang='grc' dir='ltr'><strong>’Μ’</strong></span> <span class='ocrx_word' id='word_1_37' title='bbox 411 713 523 768; x_wconf 83' lang='lat' dir='ltr'><strong>uteru</strong></span> <span class='ocrx_word' id='word_1_38' title='bbox 542 712 644 769; x_wconf 85' lang='grc' dir='ltr'>οοιιιι.</span> 
     </span>
    </p>
   </div>
   <div class='ocr_carea' id='block_1_7' title="bbox 131 815 922 1616">
    <p class='ocr_par' dir='ltr' id='par_1_7' title="bbox 133 815 920 942">
     <span class='ocr_line' id='line_1_8' title="bbox 133 815 920 884; baseline -0.006 -12"><span class='ocrx_word' id='word_1_39' title='bbox 133 817 244 874; x_wconf 82' lang='lat' dir='ltr'><strong>Peccata</strong></span> <span class='ocrx_word' id='word_1_40' title='bbox 256 820 310 873; x_wconf 86' lang='lat' dir='ltr'><strong>sine</strong></span> <span class='ocrx_word' id='word_1_41' title='bbox 327 817 452 871; x_wconf 76' lang='lat' dir='ltr'><em>charitate</em></span> <span class='ocrx_word' id='word_1_42' title='bbox 468 831 519 870; x_wconf 88' lang='grc' dir='ltr'>ιιοιι</span> <span class='ocrx_word' id='word_1_43' title='bbox 531 815 645 870; x_wconf 86' lang='lat' dir='ltr'><strong>dimitti:</strong></span> <span class='ocrx_word' id='word_1_44' title='bbox 657 815 746 880; x_wconf 74' lang='lat' dir='ltr'><strong>prohat</strong></span> <span class='ocrx_word' id='word_1_45' title='bbox 761 830 806 884; x_wconf 80' lang='lat' dir='ltr'><strong>per</strong></span> <span class='ocrx_word' id='word_1_46' title='bbox 820 830 920 868; x_wconf 85' lang='lat' dir='ltr'><strong>cereum</strong></span> 
     </span>
     <span class='ocr_line' id='line_1_9' title="bbox 300 885 745 942; baseline 0 -2"><span class='ocrx_word' id='word_1_47' title='bbox 300 887 341 941; x_wconf 88' lang='lat' dir='ltr'><strong>ctn&#39;</strong></span> <span class='ocrx_word' id='word_1_48' title='bbox 351 887 470 942; x_wconf 83' lang='lat' dir='ltr'><strong>dominus</strong></span> <span class='ocrx_word' id='word_1_49' title='bbox 480 886 590 940; x_wconf 81' lang='lat' dir='ltr'><strong>debitunt</strong></span> <span class='ocrx_word' id='word_1_50' title='bbox 602 885 745 940; x_wconf 82' lang='lat' dir='ltr'><strong>dimiserat.</strong></span> 
     </span>
    </p>

    <p class='ocr_par' dir='ltr' id='par_1_8' title="bbox 131 994 922 1616">
     <span class='ocr_line' id='line_1_10' title="bbox 167 994 920 1068; baseline -0.008 -10"><span class='ocrx_word' id='word_1_51' title='bbox 167 1001 234 1058; x_wconf 79' lang='lat' dir='ltr'><strong>Nam</strong></span> <span class='ocrx_word' id='word_1_52' title='bbox 249 1000 339 1056; x_wconf 73' lang='lat' dir='ltr'><strong>redire</strong></span> <span class='ocrx_word' id='word_1_53' title='bbox 351 999 462 1054; x_wconf 91' lang='lat' dir='ltr'><strong>dimissa</strong></span> <span class='ocrx_word' id='word_1_54' title='bbox 481 1005 589 1068; x_wconf 89' lang='lat' dir='ltr'><strong>peecata</strong></span> <span class='ocrx_word' id='word_1_55' title='bbox 610 997 654 1053; x_wconf 92' lang='lat' dir='ltr'><strong>ubi</strong></span> <span class='ocrx_word' id='word_1_56' title='bbox 670 996 785 1052; x_wconf 89' lang='lat' dir='ltr'><strong>iraterna</strong></span> <span class='ocrx_word' id='word_1_57' title='bbox 801 994 920 1052; x_wconf 90' lang='lat' dir='ltr'><strong>charitas</strong></span> 
     </span>
     <span class='ocr_line' id='line_1_11' title="bbox 133 1087 921 1163; baseline -0.01 -13"><span class='ocrx_word' id='word_1_58' title='bbox 133 1110 186 1150; x_wconf 92' lang='lat' dir='ltr'><strong>non</strong></span> <span class='ocrx_word' id='word_1_59' title='bbox 201 1104 253 1157; x_wconf 88' lang='lat' dir='ltr'><strong>est,</strong></span> <span class='ocrx_word' id='word_1_60' title='bbox 263 1093 430 1163; x_wconf 88' lang='lat' dir='ltr'><strong>apertissime</strong></span> <span class='ocrx_word' id='word_1_61' title='bbox 444 1089 572 1144; x_wconf 83' lang='lat' dir='ltr'>Dominus</span> <span class='ocrx_word' id='word_1_62' title='bbox 581 1089 609 1144; x_wconf 92' lang='lat' dir='ltr'><strong>iu</strong></span> <span class='ocrx_word' id='word_1_63' title='bbox 622 1088 769 1157; x_wconf 81' lang='lat' dir='ltr'><strong>Evarrgelio</strong></span> <span class='ocrx_word' id='word_1_64' title='bbox 784 1087 874 1153; x_wconf 86' lang='lat' dir='ltr'><strong>docet,</strong></span> <span class='ocrx_word' id='word_1_65' title='bbox 885 1087 921 1142; x_wconf 90' lang='lat' dir='ltr'><strong>de</strong></span> 
     </span>
     <span class='ocr_line' id='line_1_12' title="bbox 132 1176 918 1253; baseline -0.015 -11"><span class='ocrx_word' id='word_1_66' title='bbox 132 1185 180 1242; x_wconf 91' lang='lat' dir='ltr'><strong>ilio</strong></span> <span class='ocrx_word' id='word_1_67' title='bbox 201 1198 289 1248; x_wconf 89' lang='lat' dir='ltr'><strong>servo,</strong></span> <span class='ocrx_word' id='word_1_68' title='bbox 313 1196 392 1253; x_wconf 89' lang='lat' dir='ltr'><strong>quem</strong></span> <span class='ocrx_word' id='word_1_69' title='bbox 405 1193 466 1235; x_wconf 89' lang='lat' dir='ltr'><strong>cum</strong></span> <span class='ocrx_word' id='word_1_70' title='bbox 491 1178 638 1234; x_wconf 89' lang='lat' dir='ltr'><strong>invenisset</strong></span> <span class='ocrx_word' id='word_1_71' title='bbox 659 1176 808 1232; x_wconf 71' lang='lat' dir='ltr'><strong>debitorem</strong></span> <span class='ocrx_word' id='word_1_72' title='bbox 825 1177 918 1232; x_wconf 82' lang='lat' dir='ltr'><strong>decem</strong></span> 
     </span>
     <span class='ocr_line' id='line_1_13' title="bbox 132 1267 920 1341; baseline -0.009 -10"><span class='ocrx_word' id='word_1_73' title='bbox 132 1276 243 1331; x_wconf 90' lang='lat' dir='ltr'><strong>millium</strong></span> <span class='ocrx_word' id='word_1_74' title='bbox 260 1274 432 1338; x_wconf 77' lang='lat' dir='ltr'><strong>talentorum,</strong></span> <span class='ocrx_word' id='word_1_75' title='bbox 448 1270 605 1341; x_wconf 77' lang='lat' dir='ltr'><strong>deprecanti</strong></span> <span class='ocrx_word' id='word_1_76' title='bbox 628 1269 717 1325; x_wconf 85' lang='lat' dir='ltr'><strong>omnia</strong></span> <span class='ocrx_word' id='word_1_77' title='bbox 733 1268 837 1324; x_wconf 89' lang='lat' dir='ltr'><strong>dimisit</strong></span> <span class='ocrx_word' id='word_1_78' title='bbox 851 1286 858 1323; x_wconf 79' lang='grc' dir='ltr'><strong>ι</strong></span> <span class='ocrx_word' id='word_1_79' title='bbox 874 1267 920 1324; x_wconf 89' lang='lat' dir='ltr'><strong>ille</strong></span> 
     </span>
     <span class='ocr_line' id='line_1_14' title="bbox 131 1357 919 1431; baseline -0.005 -11"><span class='ocrx_word' id='word_1_80' title='bbox 131 1374 220 1420; x_wconf 86' lang='lat' dir='ltr'><strong>autem</strong></span> <span class='ocrx_word' id='word_1_81' title='bbox 236 1378 394 1420; x_wconf 88' lang='lat' dir='ltr'><strong>conservum</strong></span> <span class='ocrx_word' id='word_1_82' title='bbox 418 1376 495 1418; x_wconf 89' lang='lat' dir='ltr'><strong>snum</strong></span> <span class='ocrx_word' id='word_1_83' title='bbox 508 1361 553 1431; x_wconf 90' lang='lat' dir='ltr'><strong>qui</strong></span> <span class='ocrx_word' id='word_1_84' title='bbox 569 1360 594 1416; x_wconf 89' lang='lat' dir='ltr'><strong>ei</strong></span> <span class='ocrx_word' id='word_1_85' title='bbox 617 1360 733 1416; x_wconf 88' lang='lat' dir='ltr'><strong>debebat</strong></span> <span class='ocrx_word' id='word_1_86' title='bbox 746 1369 854 1416; x_wconf 86' lang='lat' dir='ltr'><strong>centum</strong></span> <span class='ocrx_word' id='word_1_87' title='bbox 870 1357 919 1417; x_wconf 87' lang='lat' dir='ltr'><strong>de·</strong></span> 
     </span>
     <span class='ocr_line' id='line_1_15' title="bbox 131 1451 922 1525; baseline -0.005 -14"><span class='ocrx_word' id='word_1_88' title='bbox 131 1458 233 1522; x_wconf 85' lang='lat' dir='ltr'><strong>uarios,</strong></span> <span class='ocrx_word' id='word_1_89' title='bbox 246 1470 306 1511; x_wconf 89' lang='lat' dir='ltr'><strong>cum</strong></span> <span class='ocrx_word' id='word_1_90' title='bbox 323 1456 465 1510; x_wconf 87' lang='lat' dir='ltr'><strong>miseratus</strong></span> <span class='ocrx_word' id='word_1_91' title='bbox 479 1467 531 1510; x_wconf 93' lang='lat' dir='ltr'><strong>nou</strong></span> <span class='ocrx_word' id='word_1_92' title='bbox 548 1453 652 1518; x_wconf 87' lang='lat' dir='ltr'><strong>luisset,</strong></span> <span class='ocrx_word' id='word_1_93' title='bbox 665 1451 747 1525; x_wconf 76' lang='lat' dir='ltr'><strong>iussit</strong></span> <span class='ocrx_word' id='word_1_94' title='bbox 760 1467 821 1508; x_wconf 83' lang='lat' dir='ltr'><strong>euna</strong></span> <span class='ocrx_word' id='word_1_95' title='bbox 834 1451 922 1508; x_wconf 90' lang='lat' dir='ltr'><strong>domi-</strong></span> 
     </span>
     <span class='ocr_line' id='line_1_16' title="bbox 131 1543 921 1616; baseline -0.006 -12"><span class='ocrx_word' id='word_1_96' title='bbox 131 1565 181 1604; x_wconf 90' lang='lat' dir='ltr'><strong>nns</strong></span> <span class='ocrx_word' id='word_1_97' title='bbox 196 1547 308 1604; x_wconf 75' lang='lat' dir='ltr'><strong>reddere</strong></span> <span class='ocrx_word' id='word_1_98' title='bbox 322 1562 382 1616; x_wconf 77' lang='lat' dir='ltr'><strong>quae</strong></span> <span class='ocrx_word' id='word_1_99' title='bbox 395 1547 419 1601; x_wconf 92' lang='lat' dir='ltr'><strong>ei</strong></span> <span class='ocrx_word' id='word_1_100' title='bbox 433 1544 582 1600; x_wconf 75' lang='lat' dir='ltr'><strong>dimiserat</strong></span> <span class='ocrx_word' id='word_1_101' title='bbox 599 1543 716 1616; x_wconf 79' lang='lat' dir='ltr'><strong>Tempus</strong></span> <span class='ocrx_word' id='word_1_102' title='bbox 731 1558 795 1614; x_wconf 89' lang='lat' dir='ltr'><strong>ergo</strong></span> <span class='ocrx_word' id='word_1_103' title='bbox 808 1557 862 1615; x_wconf 90' lang='lat' dir='ltr'><strong>quo</strong></span> <span class='ocrx_word' id='word_1_104' title='bbox 874 1557 921 1599; x_wconf 87' lang='lat' dir='ltr'><strong>ac·</strong></span> 
     </span>
    </p>
   </div>
   <div class='ocr_carea' id='block_1_8' title="bbox 972 457 1773 1627">
    <p class='ocr_par' dir='ltr' id='par_1_9' title="bbox 972 457 1773 1627">
     <span class='ocr_line' id='line_1_17' title="bbox 974 457 1768 537; baseline 0.021 -28"><span class='ocrx_word' id='word_1_105' title='bbox 974 457 1039 512; x_wconf 90' lang='lat' dir='ltr'><strong>riam</strong></span> <span class='ocrx_word' id='word_1_106' title='bbox 1054 460 1291 531; x_wconf 69' lang='lat' dir='ltr'><strong>interrogationem</strong></span> <span class='ocrx_word' id='word_1_107' title='bbox 1311 479 1456 534; x_wconf 90' lang='lat' dir='ltr'><strong>paucorum</strong></span> <span class='ocrx_word' id='word_1_108' title='bbox 1472 466 1618 522; x_wconf 88' lang='lat' dir='ltr'><strong>verborum</strong></span> <span class='ocrx_word' id='word_1_109' title='bbox 1636 468 1683 521; x_wconf 88' lang='lat' dir='ltr'><strong>rix</strong></span> <span class='ocrx_word' id='word_1_110' title='bbox 1696 467 1768 537; x_wconf 90' lang='lat' dir='ltr'><strong>peri·</strong></span> 
     </span>
     <span class='ocr_line' id='line_1_18' title="bbox 973 548 1773 627; baseline 0.018 -25"><span class='ocrx_word' id='word_1_111' title='bbox 973 548 1137 620; x_wconf 88' lang='lat' dir='ltr'><strong>enlitompus</strong></span> <span class='ocrx_word' id='word_1_112' title='bbox 1148 554 1281 609; x_wconf 89' lang='lat' dir='ltr'><strong>ammittat</strong></span> <span class='ocrx_word' id='word_1_113' title='bbox 1289 554 1446 627; x_wconf 87' lang='lat' dir='ltr'><strong>[admittat],</strong></span> <span class='ocrx_word' id='word_1_114' title='bbox 1455 565 1555 627; x_wconf 90' lang='lat' dir='ltr'><strong>quanto</strong></span> <span class='ocrx_word' id='word_1_115' title='bbox 1567 558 1657 617; x_wconf 89' lang='lat' dir='ltr'><strong>minus</strong></span> <span class='ocrx_word' id='word_1_116' title='bbox 1666 573 1773 616; x_wconf 88' lang='lat' dir='ltr'><strong>sermo·</strong></span> 
     </span>
     <span class='ocr_line' id='line_1_19' title="bbox 974 639 1770 720; baseline 0.016 -28"><span class='ocrx_word' id='word_1_117' title='bbox 974 652 1035 694; x_wconf 91' lang='lat' dir='ltr'><strong>uem</strong></span> <span class='ocrx_word' id='word_1_118' title='bbox 1060 639 1244 711; x_wconf 73' lang='lat' dir='ltr'><strong>lor-pssumis</strong></span> <span class='ocrx_word' id='word_1_119' title='bbox 1270 654 1299 700; x_wconf 90' lang='lat' dir='ltr'><strong>ot</strong></span> <span class='ocrx_word' id='word_1_120' title='bbox 1323 645 1389 700; x_wconf 92' lang='lat' dir='ltr'><strong>illud</strong></span> <span class='ocrx_word' id='word_1_121' title='bbox 1414 646 1504 702; x_wconf 90' lang='lat' dir='ltr'><strong>odium</strong></span> <span class='ocrx_word' id='word_1_122' title='bbox 1529 648 1613 704; x_wconf 88' lang='lat' dir='ltr'><strong>corde</strong></span> <span class='ocrx_word' id='word_1_123' title='bbox 1640 650 1770 720; x_wconf 85' lang='lat' dir='ltr'><strong>pellatur,</strong></span> 
     </span>
     <span class='ocr_line' id='line_1_20' title="bbox 973 729 1771 804; baseline 0.016 -21"><span class='ocrx_word' id='word_1_124' title='bbox 973 729 1078 786; x_wconf 85' lang='lat' dir='ltr'><strong>etiamsi</strong></span> <span class='ocrx_word' id='word_1_125' title='bbox 1096 733 1240 802; x_wconf 77' lang='lat' dir='ltr'><strong>baptizanti</strong></span> <span class='ocrx_word' id='word_1_126' title='bbox 1260 736 1296 791; x_wconf 90' lang='lat' dir='ltr'><strong>sit</strong></span> <span class='ocrx_word' id='word_1_127' title='bbox 1318 737 1475 804; x_wconf 87' lang='lat' dir='ltr'><strong>cognituml</strong></span> <span class='ocrx_word' id='word_1_128' title='bbox 1488 748 1564 795; x_wconf 89' lang='lat' dir='ltr'><strong>certe</strong></span> <span class='ocrx_word' id='word_1_129' title='bbox 1580 740 1632 796; x_wconf 91' lang='lat' dir='ltr'><strong>ista</strong></span> <span class='ocrx_word' id='word_1_130' title='bbox 1657 755 1713 795; x_wconf 90' lang='lat' dir='ltr'><strong>nou</strong></span> <span class='ocrx_word' id='word_1_131' title='bbox 1726 756 1771 796; x_wconf 88' lang='lat' dir='ltr'><strong>so-</strong></span> 
     </span>
     <span class='ocr_line' id='line_1_21' title="bbox 973 821 1770 898; baseline 0.018 -23"><span class='ocrx_word' id='word_1_132' title='bbox 973 821 1027 876; x_wconf 91' lang='lat' dir='ltr'><strong>lurn</strong></span> <span class='ocrx_word' id='word_1_133' title='bbox 1042 823 1112 894; x_wconf 90' lang='lat' dir='ltr'><strong>apud</strong></span> <span class='ocrx_word' id='word_1_134' title='bbox 1128 841 1187 891; x_wconf 89' lang='lat' dir='ltr'><strong>nos,</strong></span> <span class='ocrx_word' id='word_1_135' title='bbox 1203 826 1250 882; x_wconf 92' lang='lat' dir='ltr'><strong>sed</strong></span> <span class='ocrx_word' id='word_1_136' title='bbox 1265 828 1346 883; x_wconf 89' lang='lat' dir='ltr'><strong>etiarn</strong></span> <span class='ocrx_word' id='word_1_137' title='bbox 1361 830 1431 898; x_wconf 91' lang='lat' dir='ltr'><strong>apud</strong></span> <span class='ocrx_word' id='word_1_138' title='bbox 1445 830 1505 886; x_wconf 92' lang='lat' dir='ltr'><strong>illos</strong></span> <span class='ocrx_word' id='word_1_139' title='bbox 1519 833 1630 888; x_wconf 73' lang='lat' dir='ltr'><strong>euenire</strong></span> <span class='ocrx_word' id='word_1_140' title='bbox 1642 846 1698 889; x_wconf 90' lang='lat' dir='ltr'><strong>nou</strong></span> <span class='ocrx_word' id='word_1_141' title='bbox 1708 847 1770 888; x_wconf 83' lang='lat' dir='ltr'><strong>ces·</strong></span> 
     </span>
     <span class='ocr_line' id='line_1_22' title="bbox 972 911 1771 992; baseline 0.023 -27"><span class='ocrx_word' id='word_1_142' title='bbox 972 920 1044 966; x_wconf 89' lang='lat' dir='ltr'><strong>sant.</strong></span> <span class='ocrx_word' id='word_1_143' title='bbox 1059 911 1128 980; x_wconf 80' lang='lat' dir='ltr'><strong>Quid</strong></span> <span class='ocrx_word' id='word_1_144' title='bbox 1150 929 1214 986; x_wconf 92' lang='lat' dir='ltr'><strong>ergo</strong></span> <span class='ocrx_word' id='word_1_145' title='bbox 1228 916 1361 973; x_wconf 73' lang='lat' dir='ltr'><strong>dicimos!</strong></span> <span class='ocrx_word' id='word_1_146' title='bbox 1380 919 1556 977; x_wconf 78' lang='lat' dir='ltr'><strong>Dimittuntur</strong></span> <span class='ocrx_word' id='word_1_147' title='bbox 1577 934 1691 992; x_wconf 86' lang='lat' dir='ltr'><strong>peccata</strong></span> <span class='ocrx_word' id='word_1_148' title='bbox 1706 925 1771 982; x_wconf 82' lang='lat' dir='ltr'><strong>huic</strong></span> 
     </span>
     <span class='ocr_line' id='line_1_23' title="bbox 973 1001 1770 1082; baseline 0.019 -26"><span class='ocrx_word' id='word_1_149' title='bbox 973 1001 1086 1072; x_wconf 89' lang='lat' dir='ltr'><strong>bomini,</strong></span> <span class='ocrx_word' id='word_1_150' title='bbox 1107 1019 1141 1059; x_wconf 87' lang='lat' dir='ltr'><strong>an</strong></span> <span class='ocrx_word' id='word_1_151' title='bbox 1168 1021 1222 1062; x_wconf 91' lang='lat' dir='ltr'><strong>non</strong></span> <span class='ocrx_word' id='word_1_152' title='bbox 1242 1007 1430 1065; x_wconf 77' lang='lat' dir='ltr'><strong>dimittunturl</strong></span> <span class='ocrx_word' id='word_1_153' title='bbox 1446 1011 1558 1068; x_wconf 78' lang='lat' dir='ltr'><strong>Prorsus</strong></span> <span class='ocrx_word' id='word_1_154' title='bbox 1581 1015 1654 1082; x_wconf 92' lang='lat' dir='ltr'><strong>quod</strong></span> <span class='ocrx_word' id='word_1_155' title='bbox 1671 1017 1770 1071; x_wconf 89' lang='lat' dir='ltr'><strong>volunt</strong></span> 
     </span>
     <span class='ocr_line' id='line_1_24' title="bbox 972 1091 1771 1174; baseline 0.02 -29"><span class='ocrx_word' id='word_1_156' title='bbox 972 1091 1091 1161; x_wconf 90' lang='lat' dir='ltr'><strong>eiigaut;</strong></span> <span class='ocrx_word' id='word_1_157' title='bbox 1116 1093 1235 1150; x_wconf 86' lang='lat' dir='ltr'><strong>sienim</strong></span> <span class='ocrx_word' id='word_1_158' title='bbox 1264 1097 1445 1164; x_wconf 88' lang='lat' dir='ltr'><strong>dimittuntur,</strong></span> <span class='ocrx_word' id='word_1_159' title='bbox 1470 1103 1601 1158; x_wconf 88' lang='lat' dir='ltr'><strong>continuo</strong></span> <span class='ocrx_word' id='word_1_160' title='bbox 1626 1103 1771 1174; x_wconf 83' lang='lat' dir='ltr'><strong>{continno</strong></span> 
     </span>
     <span class='ocr_line' id='line_1_25' title="bbox 973 1179 1769 1262; baseline 0.024 -31"><span class='ocrx_word' id='word_1_161' title='bbox 973 1192 1021 1250; x_wconf 89' lang='lat' dir='ltr'><strong>pro</strong></span> <span class='ocrx_word' id='word_1_162' title='bbox 1043 1179 1144 1252; x_wconf 89' lang='lat' dir='ltr'><strong>statim]</strong></span> <span class='ocrx_word' id='word_1_163' title='bbox 1171 1183 1294 1240; x_wconf 88' lang='lat' dir='ltr'><strong>redeunt.</strong></span> <span class='ocrx_word' id='word_1_164' title='bbox 1318 1186 1492 1258; x_wconf 80' lang='lat' dir='ltr'><strong>Euangelon</strong></span> <span class='ocrx_word' id='word_1_165' title='bbox 1515 1191 1646 1262; x_wconf 82' lang='lat' dir='ltr'><strong>loquitur,</strong></span> <span class='ocrx_word' id='word_1_166' title='bbox 1667 1197 1769 1250; x_wconf 86' lang='lat' dir='ltr'><strong>veritas</strong></span> 
     </span>
     <span class='ocr_line' id='line_1_26' title="bbox 972 1269 1769 1353; baseline 0.02 -29"><span class='ocrx_word' id='word_1_167' title='bbox 972 1269 1071 1325; x_wconf 82' lang='lat' dir='ltr'><strong>claruet</strong></span> <span class='ocrx_word' id='word_1_168' title='bbox 1083 1287 1089 1324; x_wconf 96' lang='lat'><strong>:</strong></span> <span class='ocrx_word' id='word_1_169' title='bbox 1102 1271 1160 1328; x_wconf 87' lang='lat' dir='ltr'><strong>sive</strong></span> <span class='ocrx_word' id='word_1_170' title='bbox 1174 1287 1239 1343; x_wconf 90' lang='lat' dir='ltr'><strong>ergo</strong></span> <span class='ocrx_word' id='word_1_171' title='bbox 1253 1275 1432 1344; x_wconf 83' lang='lat' dir='ltr'><strong>dimittantur,</strong></span> <span class='ocrx_word' id='word_1_172' title='bbox 1447 1281 1505 1335; x_wconf 88' lang='lat' dir='ltr'><strong>sive</strong></span> <span class='ocrx_word' id='word_1_173' title='bbox 1518 1297 1571 1336; x_wconf 92' lang='lat' dir='ltr'><strong>uon</strong></span> <span class='ocrx_word' id='word_1_174' title='bbox 1583 1283 1769 1353; x_wconf 85' lang='lat' dir='ltr'><strong>dimittantur,</strong></span> 
     </span>
     <span class='ocr_line' id='line_1_27' title="bbox 973 1361 1770 1433; baseline 0.021 -21"><span class='ocrx_word' id='word_1_175' title='bbox 973 1361 1126 1414; x_wconf 88' lang='lat' dir='ltr'><strong>necessaria</strong></span> <span class='ocrx_word' id='word_1_176' title='bbox 1141 1371 1183 1416; x_wconf 90' lang='lat' dir='ltr'><strong>est</strong></span> <span class='ocrx_word' id='word_1_177' title='bbox 1197 1372 1289 1430; x_wconf 89' lang='lat' dir='ltr'><strong>postea</strong></span> <span class='ocrx_word' id='word_1_178' title='bbox 1310 1365 1460 1433; x_wconf 89' lang='lat' dir='ltr'><strong>rnedicina;</strong></span> <span class='ocrx_word' id='word_1_179' title='bbox 1477 1384 1526 1423; x_wconf 91' lang='lat' dir='ltr'><strong>uec</strong></span> <span class='ocrx_word' id='word_1_180' title='bbox 1541 1379 1633 1426; x_wconf 80' lang='lat' dir='ltr'><strong>umen</strong></span> <span class='ocrx_word' id='word_1_181' title='bbox 1654 1373 1679 1427; x_wconf 87' lang='lat' dir='ltr'><strong>si</strong></span> <span class='ocrx_word' id='word_1_182' title='bbox 1695 1374 1770 1429; x_wconf 86' lang='lat' dir='ltr'><strong>vixe-</strong></span> 
     </span>
     <span class='ocr_line' id='line_1_28' title="bbox 973 1447 1768 1533; baseline 0.021 -29"><span class='ocrx_word' id='word_1_183' title='bbox 973 1447 1019 1517; x_wconf 92' lang='lat' dir='ltr'><strong>rit,</strong></span> <span class='ocrx_word' id='word_1_184' title='bbox 1032 1461 1113 1523; x_wconf 82' lang='lat' dir='ltr'><strong>atqtm</strong></span> <span class='ocrx_word' id='word_1_185' title='bbox 1126 1453 1152 1509; x_wconf 92' lang='lat' dir='ltr'><strong>id</strong></span> <span class='ocrx_word' id='word_1_186' title='bbox 1173 1455 1361 1526; x_wconf 89' lang='lat' dir='ltr'><strong>corrigendum</strong></span> <span class='ocrx_word' id='word_1_187' title='bbox 1385 1473 1445 1515; x_wconf 89' lang='lat' dir='ltr'><strong>esse</strong></span> <span class='ocrx_word' id='word_1_188' title='bbox 1457 1460 1591 1529; x_wconf 83' lang='lat' dir='ltr'><strong>didicerit,</strong></span> <span class='ocrx_word' id='word_1_189' title='bbox 1607 1471 1692 1533; x_wconf 89' lang='lat' dir='ltr'><strong>atque</strong></span> <span class='ocrx_word' id='word_1_190' title='bbox 1706 1481 1768 1521; x_wconf 87' lang='lat' dir='ltr'><strong>eor-</strong></span> 
     </span>
     <span class='ocr_line' id='line_1_29' title="bbox 973 1545 1768 1627; baseline 0.019 -30"><span class='ocrx_word' id='word_1_191' title='bbox 973 1547 1082 1611; x_wconf 78' lang='lat' dir='ltr'><strong>rexerit,</strong></span> <span class='ocrx_word' id='word_1_192' title='bbox 1095 1545 1183 1602; x_wconf 90' lang='lat' dir='ltr'><strong>deono</strong></span> <span class='ocrx_word' id='word_1_193' title='bbox 1197 1547 1355 1618; x_wconf 83' lang='lat' dir='ltr'><strong>baptizatur,</strong></span> <span class='ocrx_word' id='word_1_194' title='bbox 1371 1564 1428 1606; x_wconf 86' lang='lat' dir='ltr'><strong>sive</strong></span> <span class='ocrx_word' id='word_1_195' title='bbox 1442 1553 1512 1621; x_wconf 85' lang='lat' dir='ltr'><strong>apud</strong></span> <span class='ocrx_word' id='word_1_196' title='bbox 1534 1553 1608 1621; x_wconf 87' lang='lat' dir='ltr'><strong>illos,</strong></span> <span class='ocrx_word' id='word_1_197' title='bbox 1623 1556 1683 1610; x_wconf 83' lang='lat' dir='ltr'><strong>sire</strong></span> <span class='ocrx_word' id='word_1_198' title='bbox 1697 1558 1768 1627; x_wconf 88' lang='lat' dir='ltr'><strong>apud</strong></span> 
     </span>
    </p>
   </div>
   <div class='ocr_carea' id='block_1_9' title="bbox 126 1634 1768 3174">
    <p class='ocr_par' dir='ltr' id='par_1_10' title="bbox 127 1634 1768 2809">
     <span class='ocr_line' id='line_1_30' title="bbox 130 1634 1768 1711; baseline 0.005 -16"><span class='ocrx_word' id='word_1_199' title='bbox 130 1642 227 1711; x_wconf 89' lang='lat' dir='ltr'><strong>cipitur</strong></span> <span class='ocrx_word' id='word_1_200' title='bbox 240 1639 406 1710; x_wconf 78' lang='lat' dir='ltr'><strong>induigentia</strong></span> <span class='ocrx_word' id='word_1_201' title='bbox 421 1653 469 1710; x_wconf 93' lang='lat' dir='ltr'><strong>per</strong></span> <span class='ocrx_word' id='word_1_202' title='bbox 482 1637 655 1706; x_wconf 86' lang='lat' dir='ltr'><strong>baptismum,</strong></span> <span class='ocrx_word' id='word_1_203' title='bbox 670 1646 796 1706; x_wconf 82' lang='lat' dir='ltr'><strong>tanquam</strong></span> <span class='ocrx_word' id='word_1_204' title='bbox 813 1645 920 1705; x_wconf 88' lang='lat' dir='ltr'><strong>tempus</strong></span> <span class='ocrx_word' id='word_1_205' title='bbox 972 1647 1030 1687; x_wconf 90' lang='lat' dir='ltr'><strong>nos.</strong></span> <span class='ocrx_word' id='word_1_206' title='bbox 1047 1634 1092 1690; x_wconf 84' lang='lat' dir='ltr'><strong>Sic</strong></span> <span class='ocrx_word' id='word_1_207' title='bbox 1103 1646 1130 1691; x_wconf 88' lang='lat' dir='ltr'><strong>et</strong></span> <span class='ocrx_word' id='word_1_208' title='bbox 1144 1637 1191 1692; x_wconf 91' lang='lat' dir='ltr'><strong>illa</strong></span> <span class='ocrx_word' id='word_1_209' title='bbox 1205 1654 1265 1709; x_wconf 87' lang='lat' dir='ltr'><strong>quae</strong></span> <span class='ocrx_word' id='word_1_210' title='bbox 1279 1640 1440 1698; x_wconf 80' lang='lat' dir='ltr'><strong>schismatici</strong></span> <span class='ocrx_word' id='word_1_211' title='bbox 1457 1645 1499 1701; x_wconf 90' lang='lat' dir='ltr'><strong>vel</strong></span> <span class='ocrx_word' id='word_1_212' title='bbox 1515 1644 1638 1702; x_wconf 75' lang='lat' dir='ltr'><strong>haeretici</strong></span> <span class='ocrx_word' id='word_1_213' title='bbox 1654 1663 1708 1703; x_wconf 93' lang='lat' dir='ltr'><strong>non</strong></span> <span class='ocrx_word' id='word_1_214' title='bbox 1720 1651 1768 1705; x_wconf 84' lang='lat' dir='ltr'><strong>ali·</strong></span> 
     </span>
     <span class='ocr_line' id='line_1_31' title="bbox 129 1722 1767 1804; baseline 0.004 -17"><span class='ocrx_word' id='word_1_215' title='bbox 129 1742 171 1788; x_wconf 87' lang='lat' dir='ltr'><strong>est</strong></span> <span class='ocrx_word' id='word_1_216' title='bbox 184 1732 328 1787; x_wconf 80' lang='lat' dir='ltr'><strong>reddendae</strong></span> <span class='ocrx_word' id='word_1_217' title='bbox 342 1729 464 1795; x_wconf 87' lang='lat' dir='ltr'><strong>rationis,</strong></span> <span class='ocrx_word' id='word_1_218' title='bbox 481 1737 510 1783; x_wconf 86' lang='lat' dir='ltr'><strong>ut</strong></span> <span class='ocrx_word' id='word_1_219' title='bbox 522 1728 611 1783; x_wconf 85' lang='lat' dir='ltr'><strong>omnic</strong></span> <span class='ocrx_word' id='word_1_220' title='bbox 625 1726 717 1783; x_wconf 88' lang='lat' dir='ltr'><strong>debita</strong></span> <span class='ocrx_word' id='word_1_221' title='bbox 731 1741 791 1797; x_wconf 78' lang='lat' dir='ltr'><strong>que</strong></span> <span class='ocrx_word' id='word_1_222' title='bbox 809 1726 917 1781; x_wconf 79' lang='lat' dir='ltr'><strong>intenta</strong></span> <span class='ocrx_word' id='word_1_223' title='bbox 934 1731 1013 1804; x_wconf 65' lang='lat' dir='ltr'><strong>nter</strong></span> <span class='ocrx_word' id='word_1_224' title='bbox 1037 1722 1146 1790; x_wconf 87' lang='lat' dir='ltr'><strong>babent,</strong></span> <span class='ocrx_word' id='word_1_225' title='bbox 1169 1741 1219 1781; x_wconf 90' lang='lat' dir='ltr'><strong>uec</strong></span> <span class='ocrx_word' id='word_1_226' title='bbox 1242 1728 1322 1785; x_wconf 73' lang='lat' dir='ltr'><strong>allier</strong></span> <span class='ocrx_word' id='word_1_227' title='bbox 1342 1740 1425 1801; x_wconf 90' lang='lat' dir='ltr'><strong>agunt</strong></span> <span class='ocrx_word' id='word_1_228' title='bbox 1447 1749 1526 1803; x_wconf 87' lang='lat' dir='ltr'><strong>quaxn</strong></span> <span class='ocrx_word' id='word_1_229' title='bbox 1548 1751 1611 1790; x_wconf 92' lang='lat' dir='ltr'><strong>vera</strong></span> <span class='ocrx_word' id='word_1_230' title='bbox 1634 1738 1767 1804; x_wconf 86' lang='lat' dir='ltr'><strong>Ecclesia,</strong></span> 
     </span>
     <span class='ocr_line' id='line_1_32' title="bbox 129 1815 1766 1896; baseline 0.005 -20"><span class='ocrx_word' id='word_1_231' title='bbox 129 1821 238 1885; x_wconf 88' lang='lat' dir='ltr'><strong>luerint,</strong></span> <span class='ocrx_word' id='word_1_232' title='bbox 261 1820 444 1885; x_wconf 88' lang='lat' dir='ltr'><strong>dimittautor;</strong></span> <span class='ocrx_word' id='word_1_233' title='bbox 469 1834 524 1872; x_wconf 89' lang='lat' dir='ltr'><strong>nou</strong></span> <span class='ocrx_word' id='word_1_234' title='bbox 541 1829 628 1874; x_wconf 87' lang='lat' dir='ltr'><strong>tamen</strong></span> <span class='ocrx_word' id='word_1_235' title='bbox 648 1816 696 1873; x_wconf 91' lang='lat' dir='ltr'><strong>ille</strong></span> <span class='ocrx_word' id='word_1_236' title='bbox 715 1831 811 1872; x_wconf 87' lang='lat' dir='ltr'><strong>servus</strong></span> <span class='ocrx_word' id='word_1_237' title='bbox 827 1827 918 1886; x_wconf 90' lang='lat' dir='ltr'><strong>postea</strong></span> <span class='ocrx_word' id='word_1_238' title='bbox 972 1827 1032 1868; x_wconf 88' lang='lat' dir='ltr'><strong>cum</strong></span> <span class='ocrx_word' id='word_1_239' title='bbox 1046 1815 1079 1870; x_wconf 92' lang='lat' dir='ltr'><strong>ad</strong></span> <span class='ocrx_word' id='word_1_240' title='bbox 1095 1830 1145 1872; x_wconf 91' lang='lat' dir='ltr'><strong>uos</strong></span> <span class='ocrx_word' id='word_1_241' title='bbox 1156 1817 1278 1884; x_wconf 89' lang='lat' dir='ltr'><strong>veniunt,</strong></span> <span class='ocrx_word' id='word_1_242' title='bbox 1289 1835 1343 1875; x_wconf 91' lang='lat' dir='ltr'><strong>non</strong></span> <span class='ocrx_word' id='word_1_243' title='bbox 1356 1822 1543 1888; x_wconf 86' lang='lat' dir='ltr'><strong>emendamus,</strong></span> <span class='ocrx_word' id='word_1_244' title='bbox 1557 1826 1605 1881; x_wconf 90' lang='lat' dir='ltr'><strong>scd</strong></span> <span class='ocrx_word' id='word_1_245' title='bbox 1619 1830 1709 1896; x_wconf 91' lang='lat' dir='ltr'><strong>potius</strong></span> <span class='ocrx_word' id='word_1_246' title='bbox 1721 1831 1766 1885; x_wconf 88' lang='lat' dir='ltr'><strong>ad·</strong></span> 
     </span>
     <span class='ocr_line' id='line_1_33' title="bbox 130 1905 1762 1988; baseline 0.006 -22"><span class='ocrx_word' id='word_1_247' title='bbox 130 1913 204 1966; x_wconf 86' lang='lat' dir='ltr'><strong>dedit</strong></span> <span class='ocrx_word' id='word_1_248' title='bbox 225 1924 356 1967; x_wconf 85' lang='lat' dir='ltr'><strong>covtservo</strong></span> <span class='ocrx_word' id='word_1_249' title='bbox 370 1925 420 1965; x_wconf 93' lang='lat' dir='ltr'><strong>suo</strong></span> <span class='ocrx_word' id='word_1_250' title='bbox 444 1919 563 1964; x_wconf 91' lang='lat' dir='ltr'><strong>mutuam</strong></span> <span class='ocrx_word' id='word_1_251' title='bbox 589 1907 738 1978; x_wconf 84' lang='lat' dir='ltr'><strong>pecuniam,</strong></span> <span class='ocrx_word' id='word_1_252' title='bbox 764 1922 843 1976; x_wconf 88' lang='lat' dir='ltr'><strong>quarn</strong></span> <span class='ocrx_word' id='word_1_253' title='bbox 858 1923 918 1962; x_wconf 90' lang='lat' dir='ltr'><strong>euru</strong></span> <span class='ocrx_word' id='word_1_254' title='bbox 973 1905 1133 1974; x_wconf 67' lang='lat' dir='ltr'><strong>probamen</strong></span> <span class='ocrx_word' id='word_1_255' title='bbox 1149 1907 1283 1980; x_wconf 86' lang='lat' dir='ltr'><strong>inquibus</strong></span> <span class='ocrx_word' id='word_1_256' title='bbox 1304 1913 1375 1967; x_wconf 89' lang='lat' dir='ltr'><strong>enim</strong></span> <span class='ocrx_word' id='word_1_257' title='bbox 1391 1929 1444 1968; x_wconf 93' lang='lat' dir='ltr'><strong>uou</strong></span> <span class='ocrx_word' id='word_1_258' title='bbox 1457 1915 1620 1972; x_wconf 86' lang='lat' dir='ltr'><strong>dissentiunt</strong></span> <span class='ocrx_word' id='word_1_259' title='bbox 1644 1920 1762 1988; x_wconf 85' lang='lat' dir='ltr'><strong>anobis,</strong></span> 
     </span>
     <span class='ocr_line' id='line_1_34' title="bbox 129 1997 1764 2079; baseline 0.003 -19"><span class='ocrx_word' id='word_1_260' title='bbox 129 2005 177 2060; x_wconf 89' lang='lat' dir='ltr'><strong>ille</strong></span> <span class='ocrx_word' id='word_1_261' title='bbox 186 2020 239 2058; x_wconf 91' lang='lat' dir='ltr'><strong>non</strong></span> <span class='ocrx_word' id='word_1_262' title='bbox 252 2013 342 2074; x_wconf 86' lang='lat' dir='ltr'><strong>posset</strong></span> <span class='ocrx_word' id='word_1_263' title='bbox 356 2002 478 2070; x_wconf 84' lang='lat' dir='ltr'><strong>reddere,</strong></span> <span class='ocrx_word' id='word_1_264' title='bbox 491 2017 544 2058; x_wconf 87' lang='lat' dir='ltr'><strong>non</strong></span> <span class='ocrx_word' id='word_1_265' title='bbox 554 2001 612 2072; x_wconf 80' lang='lat' dir='ltr'><strong>cios</strong></span> <span class='ocrx_word' id='word_1_266' title='bbox 625 2000 760 2065; x_wconf 79' lang='lat' dir='ltr'><strong>euserius,</strong></span> <span class='ocrx_word' id='word_1_267' title='bbox 771 2001 817 2055; x_wconf 89' lang='lat' dir='ltr'><strong>sed</strong></span> <span class='ocrx_word' id='word_1_268' title='bbox 828 2001 883 2069; x_wconf 84' lang='lat' dir='ltr'><strong>jam</strong></span> <span class='ocrx_word' id='word_1_269' title='bbox 894 2001 918 2055; x_wconf 89' lang='lat' dir='ltr'><strong>ei</strong></span> <span class='ocrx_word' id='word_1_270' title='bbox 970 1997 997 2050; x_wconf 88' lang='grc' dir='ltr'><strong>ιιι</strong></span> <span class='ocrx_word' id='word_1_271' title='bbox 1012 1997 1052 2052; x_wconf 91' lang='lat' dir='ltr'><strong>eis</strong></span> <span class='ocrx_word' id='word_1_272' title='bbox 1065 2012 1118 2054; x_wconf 90' lang='lat' dir='ltr'><strong>uon</strong></span> <span class='ocrx_word' id='word_1_273' title='bbox 1134 1999 1323 2072; x_wconf 86' lang='lat' dir='ltr'><strong>disjunguntur</strong></span> <span class='ocrx_word' id='word_1_274' title='bbox 1337 2019 1352 2057; x_wconf 95' lang='lat' dir='ltr'><strong>a</strong></span> <span class='ocrx_word' id='word_1_275' title='bbox 1368 2004 1456 2072; x_wconf 84' lang='lat' dir='ltr'><strong>nobis;</strong></span> <span class='ocrx_word' id='word_1_276' title='bbox 1469 2008 1517 2062; x_wconf 90' lang='lat' dir='ltr'><strong>sed</strong></span> <span class='ocrx_word' id='word_1_277' title='bbox 1534 2019 1626 2063; x_wconf 88' lang='lat' dir='ltr'><strong>tamen</strong></span> <span class='ocrx_word' id='word_1_278' title='bbox 1642 2012 1704 2079; x_wconf 85' lang='lat' dir='ltr'><strong>quia</strong></span> <span class='ocrx_word' id='word_1_279' title='bbox 1726 2013 1764 2066; x_wconf 86' lang='lat' dir='ltr'><strong>ui·</strong></span> 
     </span>
     <span class='ocr_line' id='line_1_35' title="bbox 130 2086 1762 2168; baseline 0.002 -15"><span class='ocrx_word' id='word_1_280' title='bbox 130 2096 244 2153; x_wconf 89' lang='lat' dir='ltr'><strong>debebat</strong></span> <span class='ocrx_word' id='word_1_281' title='bbox 257 2093 487 2164; x_wconf 60' lang='lat' dir='ltr'><strong>conservaeque,</strong></span> <span class='ocrx_word' id='word_1_282' title='bbox 510 2092 644 2162; x_wconf 87' lang='lat' dir='ltr'><strong>cumipse</strong></span> <span class='ocrx_word' id='word_1_283' title='bbox 663 2092 794 2147; x_wconf 81' lang='lat' dir='ltr'><strong>rationem</strong></span> <span class='ocrx_word' id='word_1_284' title='bbox 810 2090 919 2146; x_wconf 91' lang='lat' dir='ltr'><strong>domiuo</strong></span> <span class='ocrx_word' id='word_1_285' title='bbox 970 2086 1007 2142; x_wconf 87' lang='lat' dir='ltr'><strong>hii</strong></span> <span class='ocrx_word' id='word_1_286' title='bbox 1022 2088 1062 2143; x_wconf 92' lang='lat' dir='ltr'><strong>eis</strong></span> <span class='ocrx_word' id='word_1_287' title='bbox 1073 2099 1185 2160; x_wconf 89' lang='lat' dir='ltr'><strong>prosunt</strong></span> <span class='ocrx_word' id='word_1_288' title='bbox 1196 2093 1315 2162; x_wconf 87' lang='lat' dir='ltr'><strong>quandiu</strong></span> <span class='ocrx_word' id='word_1_289' title='bbox 1330 2093 1493 2153; x_wconf 81' lang='lat' dir='ltr'><strong>schismatici</strong></span> <span class='ocrx_word' id='word_1_290' title='bbox 1504 2098 1545 2153; x_wconf 84' lang='lat' dir='ltr'><strong>rel</strong></span> <span class='ocrx_word' id='word_1_291' title='bbox 1560 2098 1762 2168; x_wconf 79' lang='lat' dir='ltr'><strong>haereticisont,</strong></span> 
     </span>
     <span class='ocr_line' id='line_1_36' title="bbox 129 2182 1761 2262; baseline 0.001 -16"><span class='ocrx_word' id='word_1_292' title='bbox 129 2207 179 2247; x_wconf 90' lang='lat' dir='ltr'><strong>suo</strong></span> <span class='ocrx_word' id='word_1_293' title='bbox 194 2190 320 2256; x_wconf 89' lang='lat' dir='ltr'><strong>reddens,</strong></span> <span class='ocrx_word' id='word_1_294' title='bbox 336 2187 402 2244; x_wconf 91' lang='lat' dir='ltr'><strong>tanti</strong></span> <span class='ocrx_word' id='word_1_295' title='bbox 418 2185 521 2242; x_wconf 90' lang='lat' dir='ltr'><strong>numeri</strong></span> <span class='ocrx_word' id='word_1_296' title='bbox 535 2185 625 2242; x_wconf 91' lang='lat' dir='ltr'><strong>debito</strong></span> <span class='ocrx_word' id='word_1_297' title='bbox 639 2185 798 2240; x_wconf 84' lang='lat' dir='ltr'><strong>solveretur.</strong></span> <span class='ocrx_word' id='word_1_298' title='bbox 813 2182 868 2239; x_wconf 83' lang='lat' dir='ltr'><strong>Nec</strong></span> <span class='ocrx_word' id='word_1_299' title='bbox 878 2183 919 2237; x_wconf 93' lang='lat' dir='ltr'><strong>di·</strong></span> <span class='ocrx_word' id='word_1_300' title='bbox 971 2191 1080 2250; x_wconf 88' lang='lat' dir='ltr'><strong>propter</strong></span> <span class='ocrx_word' id='word_1_301' title='bbox 1094 2183 1147 2237; x_wconf 92' lang='lat' dir='ltr'><strong>alia</strong></span> <span class='ocrx_word' id='word_1_302' title='bbox 1163 2184 1190 2240; x_wconf 91' lang='lat' dir='ltr'><strong>in</strong></span> <span class='ocrx_word' id='word_1_303' title='bbox 1204 2186 1303 2255; x_wconf 89' lang='lat' dir='ltr'><strong>quibus</strong></span> <span class='ocrx_word' id='word_1_304' title='bbox 1316 2201 1331 2241; x_wconf 93' lang='lat' dir='ltr'><strong>a</strong></span> <span class='ocrx_word' id='word_1_305' title='bbox 1345 2187 1458 2244; x_wconf 85' lang='lat' dir='ltr'><strong>veritate</strong></span> <span class='ocrx_word' id='word_1_306' title='bbox 1470 2189 1645 2259; x_wconf 84' lang='lat' dir='ltr'><strong>dissentiunt,</strong></span> <span class='ocrx_word' id='word_1_307' title='bbox 1659 2204 1686 2247; x_wconf 93' lang='lat' dir='ltr'><strong>et</strong></span> <span class='ocrx_word' id='word_1_308' title='bbox 1702 2209 1761 2262; x_wconf 91' lang='lat' dir='ltr'><strong>pro·</strong></span> 
     </span>
     <span class='ocr_line' id='line_1_37' title="bbox 130 2272 1762 2350; baseline 0.001 -13"><span class='ocrx_word' id='word_1_309' title='bbox 130 2285 239 2338; x_wconf 88' lang='lat' dir='ltr'><strong>miserm</strong></span> <span class='ocrx_word' id='word_1_310' title='bbox 254 2295 387 2336; x_wconf 85' lang='lat' dir='ltr'><strong>conservo</strong></span> <span class='ocrx_word' id='word_1_311' title='bbox 400 2293 449 2334; x_wconf 87' lang='lat' dir='ltr'><strong>suo</strong></span> <span class='ocrx_word' id='word_1_312' title='bbox 461 2276 533 2348; x_wconf 92' lang='lat' dir='ltr'><strong>qnod</strong></span> <span class='ocrx_word' id='word_1_313' title='bbox 545 2281 569 2334; x_wconf 92' lang='lat' dir='ltr'><strong>ei</strong></span> <span class='ocrx_word' id='word_1_314' title='bbox 585 2276 713 2340; x_wconf 86' lang='lat' dir='ltr'><strong>debebat,</strong></span> <span class='ocrx_word' id='word_1_315' title='bbox 726 2282 754 2331; x_wconf 89' lang='lat' dir='ltr'><strong>et</strong></span> <span class='ocrx_word' id='word_1_316' title='bbox 767 2275 807 2331; x_wconf 91' lang='lat' dir='ltr'><strong>sie</strong></span> <span class='ocrx_word' id='word_1_317' title='bbox 826 2286 922 2330; x_wconf 57' lang='lat' dir='ltr'><strong>acces:</strong></span> <span class='ocrx_word' id='word_1_318' title='bbox 970 2280 1031 2340; x_wconf 89' lang='lat' dir='ltr'><strong>pter</strong></span> <span class='ocrx_word' id='word_1_319' title='bbox 1045 2272 1133 2342; x_wconf 88' lang='lat' dir='ltr'><strong>ipsum</strong></span> <span class='ocrx_word' id='word_1_320' title='bbox 1146 2277 1324 2345; x_wconf 83' lang='lat' dir='ltr'><strong>separationis</strong></span> <span class='ocrx_word' id='word_1_321' title='bbox 1341 2279 1564 2335; x_wconf 85' lang='lat' dir='ltr'><strong>immanissimum</strong></span> <span class='ocrx_word' id='word_1_322' title='bbox 1586 2282 1689 2350; x_wconf 86' lang='lat' dir='ltr'><strong>scelos,</strong></span> <span class='ocrx_word' id='word_1_323' title='bbox 1707 2285 1762 2338; x_wconf 89' lang='lat' dir='ltr'><strong>sive</strong></span> 
     </span>
     <span class='ocr_line' id='line_1_38' title="bbox 128 2365 1760 2439; baseline 0.002 -11"><span class='ocrx_word' id='word_1_324' title='bbox 128 2382 210 2439; x_wconf 86' lang='lat' dir='ltr'><strong>serat,</strong></span> <span class='ocrx_word' id='word_1_325' title='bbox 227 2382 256 2426; x_wconf 91' lang='lat' dir='ltr'><strong>ut</strong></span> <span class='ocrx_word' id='word_1_326' title='bbox 271 2373 295 2426; x_wconf 92' lang='lat' dir='ltr'><strong>ci</strong></span> <span class='ocrx_word' id='word_1_327' title='bbox 311 2371 457 2426; x_wconf 87' lang='lat' dir='ltr'><strong>dimitteret</strong></span> <span class='ocrx_word' id='word_1_328' title='bbox 470 2369 605 2424; x_wconf 86' lang='lat' dir='ltr'><strong>domiuus.</strong></span> <span class='ocrx_word' id='word_1_329' title='bbox 621 2366 677 2423; x_wconf 91' lang='lat' dir='ltr'><strong>lloc</strong></span> <span class='ocrx_word' id='word_1_330' title='bbox 697 2366 814 2423; x_wconf 90' lang='lat' dir='ltr'><strong>indicant</strong></span> <span class='ocrx_word' id='word_1_331' title='bbox 836 2365 918 2421; x_wconf 88' lang='lat' dir='ltr'><strong>verba</strong></span> <span class='ocrx_word' id='word_1_332' title='bbox 970 2367 1167 2432; x_wconf 85' lang='lat' dir='ltr'><strong>permanserint</strong></span> <span class='ocrx_word' id='word_1_333' title='bbox 1186 2367 1213 2423; x_wconf 91' lang='lat' dir='ltr'><strong>iu</strong></span> <span class='ocrx_word' id='word_1_334' title='bbox 1237 2369 1278 2425; x_wconf 91' lang='lat' dir='ltr'><strong>eis</strong></span> <span class='ocrx_word' id='word_1_335' title='bbox 1292 2380 1412 2439; x_wconf 74' lang='lat' dir='ltr'><strong>peccata,</strong></span> <span class='ocrx_word' id='word_1_336' title='bbox 1427 2372 1486 2428; x_wconf 67' lang='lat' dir='ltr'><strong>sffve</strong></span> <span class='ocrx_word' id='word_1_337' title='bbox 1500 2376 1633 2431; x_wconf 85' lang='lat' dir='ltr'><strong>continuo</strong></span> <span class='ocrx_word' id='word_1_338' title='bbox 1652 2376 1760 2432; x_wconf 84' lang='lat' dir='ltr'><strong>dimissa</strong></span> 
     </span>
     <span class='ocr_line' id='line_1_39' title="bbox 129 2455 1759 2537; baseline 0.006 -18"><span class='ocrx_word' id='word_1_339' title='bbox 129 2462 252 2519; x_wconf 85' lang='lat' dir='ltr'><strong>corvservi</strong></span> <span class='ocrx_word' id='word_1_340' title='bbox 274 2460 408 2517; x_wconf 72' lang='lat' dir='ltr'><strong>dicentis:</strong></span> <span class='ocrx_word' id='word_1_341' title='bbox 426 2460 585 2515; x_wconf 82' lang='lat' dir='ltr'><strong>Patientiam</strong></span> <span class='ocrx_word' id='word_1_342' title='bbox 601 2459 669 2513; x_wconf 82' lang='lat' dir='ltr'><strong>liobe</strong></span> <span class='ocrx_word' id='word_1_343' title='bbox 691 2457 719 2512; x_wconf 92' lang='grc' dir='ltr'><strong>ιο</strong></span> <span class='ocrx_word' id='word_1_344' title='bbox 735 2461 797 2516; x_wconf 69' lang='lat' dir='ltr'><strong>mel</strong></span> <span class='ocrx_word' id='word_1_345' title='bbox 810 2465 837 2513; x_wconf 92' lang='lat' dir='ltr'><strong>et</strong></span> <span class='ocrx_word' id='word_1_346' title='bbox 855 2457 916 2511; x_wconf 88' lang='lat' dir='ltr'><strong>red·</strong></span> <span class='ocrx_word' id='word_1_347' title='bbox 969 2455 1108 2524; x_wconf 90' lang='lat' dir='ltr'><strong>redierint,</strong></span> <span class='ocrx_word' id='word_1_348' title='bbox 1123 2469 1153 2515; x_wconf 92' lang='lat' dir='ltr'><strong>nt</strong></span> <span class='ocrx_word' id='word_1_349' title='bbox 1175 2462 1209 2518; x_wconf 90' lang='lat' dir='ltr'><strong>ad</strong></span> <span class='ocrx_word' id='word_1_350' title='bbox 1229 2464 1342 2520; x_wconf 87' lang='lat' dir='ltr'><strong>salutem</strong></span> <span class='ocrx_word' id='word_1_351' title='bbox 1368 2467 1441 2535; x_wconf 86' lang='lat' dir='ltr'><strong>pacis</strong></span> <span class='ocrx_word' id='word_1_352' title='bbox 1460 2475 1543 2537; x_wconf 81' lang='lat' dir='ltr'><strong>atqtm</strong></span> <span class='ocrx_word' id='word_1_353' title='bbox 1560 2471 1703 2526; x_wconf 91' lang='lat' dir='ltr'><strong>charitatis</strong></span> <span class='ocrx_word' id='word_1_354' title='bbox 1716 2487 1759 2528; x_wconf 90' lang='lat' dir='ltr'><strong>re·</strong></span> 
     </span>
     <span class='ocr_line' id='line_1_40' title="bbox 128 2545 1760 2629; baseline 0.003 -17"><span class='ocrx_word' id='word_1_355' title='bbox 128 2557 190 2612; x_wconf 87' lang='lat' dir='ltr'><strong>dam</strong></span> <span class='ocrx_word' id='word_1_356' title='bbox 208 2554 271 2622; x_wconf 92' lang='lat' dir='ltr'><strong>tibi;</strong></span> <span class='ocrx_word' id='word_1_357' title='bbox 286 2555 403 2625; x_wconf 90' lang='lat' dir='ltr'><strong>alioquin</strong></span> <span class='ocrx_word' id='word_1_358' title='bbox 416 2552 530 2623; x_wconf 86' lang='lat' dir='ltr'><strong>diceret,</strong></span> <span class='ocrx_word' id='word_1_359' title='bbox 544 2553 599 2619; x_wconf 80' lang='lat' dir='ltr'><strong>iam</strong></span> <span class='ocrx_word' id='word_1_360' title='bbox 614 2551 679 2606; x_wconf 87' lang='lat' dir='ltr'><strong>milri</strong></span> <span class='ocrx_word' id='word_1_361' title='bbox 694 2553 744 2605; x_wconf 90' lang='lat' dir='ltr'><strong>hoc</strong></span> <span class='ocrx_word' id='word_1_362' title='bbox 765 2550 916 2615; x_wconf 87' lang='lat' dir='ltr'><strong>dimiseras,</strong></span> <span class='ocrx_word' id='word_1_363' title='bbox 968 2545 1054 2614; x_wconf 88' lang='lat' dir='ltr'><strong>uiant,</strong></span> <span class='ocrx_word' id='word_1_364' title='bbox 1078 2549 1271 2619; x_wconf 60' lang='lat' dir='ltr'><strong>adhortantem</strong></span> <span class='ocrx_word' id='word_1_365' title='bbox 1288 2571 1340 2608; x_wconf 86' lang='lat' dir='ltr'><strong>mm</strong></span> <span class='ocrx_word' id='word_1_366' title='bbox 1364 2557 1462 2622; x_wconf 91' lang='lat' dir='ltr'><strong>solum,</strong></span> <span class='ocrx_word' id='word_1_367' title='bbox 1478 2569 1506 2612; x_wconf 93' lang='lat' dir='ltr'><strong>ot</strong></span> <span class='ocrx_word' id='word_1_368' title='bbox 1528 2559 1633 2629; x_wconf 86' lang='lat' dir='ltr'><strong>aliquid</strong></span> <span class='ocrx_word' id='word_1_369' title='bbox 1649 2562 1760 2617; x_wconf 86' lang='lat' dir='ltr'><strong>habeant</strong></span> 
     </span>
     <span class='ocr_line' id='line_1_41' title="bbox 127 2640 1758 2723; baseline 0.004 -20"><span class='ocrx_word' id='word_1_370' title='bbox 127 2663 173 2703; x_wconf 89' lang='lat' dir='ltr'><strong>cur</strong></span> <span class='ocrx_word' id='word_1_371' title='bbox 188 2647 286 2703; x_wconf 90' lang='lat' dir='ltr'><strong>iterum</strong></span> <span class='ocrx_word' id='word_1_372' title='bbox 298 2644 418 2716; x_wconf 88' lang='lat' dir='ltr'><strong>repetisl</strong></span> <span class='ocrx_word' id='word_1_373' title='bbox 433 2645 489 2701; x_wconf 92' lang='lat' dir='ltr'><strong>lloc</strong></span> <span class='ocrx_word' id='word_1_374' title='bbox 504 2654 531 2700; x_wconf 91' lang='lat' dir='ltr'><strong>et</strong></span> <span class='ocrx_word' id='word_1_375' title='bbox 545 2644 628 2715; x_wconf 87' lang='lat' dir='ltr'><strong>ipsius</strong></span> <span class='ocrx_word' id='word_1_376' title='bbox 649 2643 754 2698; x_wconf 84' lang='lat' dir='ltr'><strong>homiui</strong></span> <span class='ocrx_word' id='word_1_377' title='bbox 768 2641 848 2696; x_wconf 88' lang='lat' dir='ltr'><strong>verba</strong></span> <span class='ocrx_word' id='word_1_378' title='bbox 861 2658 918 2694; x_wconf 87' lang='lat' dir='ltr'><strong>nra·</strong></span> <span class='ocrx_word' id='word_1_379' title='bbox 968 2640 1038 2708; x_wconf 89' lang='lat' dir='ltr'><strong>qnod</strong></span> <span class='ocrx_word' id='word_1_380' title='bbox 1056 2656 1108 2695; x_wconf 92' lang='lat' dir='ltr'><strong>nou</strong></span> <span class='ocrx_word' id='word_1_381' title='bbox 1124 2642 1268 2711; x_wconf 86' lang='lat' dir='ltr'><strong>habebam,</strong></span> <span class='ocrx_word' id='word_1_382' title='bbox 1286 2646 1334 2702; x_wconf 92' lang='lat' dir='ltr'><strong>sed</strong></span> <span class='ocrx_word' id='word_1_383' title='bbox 1348 2657 1377 2702; x_wconf 90' lang='lat' dir='ltr'><strong>nt</strong></span> <span class='ocrx_word' id='word_1_384' title='bbox 1396 2649 1438 2703; x_wconf 90' lang='lat' dir='ltr'><strong>eis</strong></span> <span class='ocrx_word' id='word_1_385' title='bbox 1451 2653 1532 2705; x_wconf 87' lang='lat' dir='ltr'><strong>etiarn</strong></span> <span class='ocrx_word' id='word_1_386' title='bbox 1548 2650 1613 2707; x_wconf 91' lang='lat' dir='ltr'><strong>iilud</strong></span> <span class='ocrx_word' id='word_1_387' title='bbox 1633 2654 1758 2723; x_wconf 87' lang='lat' dir='ltr'><strong>prodesse</strong></span> 
     </span>
     <span class='ocr_line' id='line_1_42' title="bbox 127 2728 1332 2809; baseline 0 -15"><span class='ocrx_word' id='word_1_388' title='bbox 127 2739 250 2796; x_wconf 87' lang='lat' dir='ltr'><strong>uilestios</strong></span> <span class='ocrx_word' id='word_1_389' title='bbox 265 2738 388 2809; x_wconf 88' lang='lat' dir='ltr'><strong>aperiunt</strong></span> <span class='ocrx_word' id='word_1_390' title='bbox 394 2753 402 2804; x_wconf 94' lang='lat'>;</span> <span class='ocrx_word' id='word_1_391' title='bbox 417 2735 454 2792; x_wconf 91' lang='lat' dir='ltr'><strong>ait</strong></span> <span class='ocrx_word' id='word_1_392' title='bbox 468 2736 539 2794; x_wconf 88' lang='lat' dir='ltr'><strong>euim</strong></span> <span class='ocrx_word' id='word_1_393' title='bbox 554 2752 560 2790; x_wconf 92' lang='lat'>:</span> <span class='ocrx_word' id='word_1_394' title='bbox 578 2736 708 2804; x_wconf 76' lang='lat' dir='ltr'><strong>Egressus</strong></span> <span class='ocrx_word' id='word_1_395' title='bbox 723 2746 811 2791; x_wconf 87' lang='lat' dir='ltr'><strong>autem</strong></span> <span class='ocrx_word' id='word_1_396' title='bbox 825 2749 918 2790; x_wconf 79' lang='lat' dir='ltr'><strong>sertus</strong></span> <span class='ocrx_word' id='word_1_397' title='bbox 969 2728 1090 2801; x_wconf 84' lang='lat' dir='ltr'><strong>incipiat,</strong></span> <span class='ocrx_word' id='word_1_398' title='bbox 1102 2734 1174 2803; x_wconf 91' lang='lat' dir='ltr'><strong>quod</strong></span> <span class='ocrx_word' id='word_1_399' title='bbox 1186 2736 1332 2794; x_wconf 87' lang='lat' dir='ltr'><strong>habehant.</strong></span> 
     </span>
    </p>

    <p class='ocr_par' dir='ltr' id='par_1_11' title="bbox 127 2823 1484 2898">
     <span class='ocr_line' id='line_1_43' title="bbox 127 2823 1484 2898; baseline 0 -13"><span class='ocrx_word' id='word_1_400' title='bbox 127 2830 182 2895; x_wconf 83' lang='lat' dir='ltr'><strong>ille,</strong></span> <span class='ocrx_word' id='word_1_401' title='bbox 199 2832 301 2887; x_wconf 79' lang='lat' dir='ltr'><strong>inuenit</strong></span> <span class='ocrx_word' id='word_1_402' title='bbox 315 2845 396 2886; x_wconf 91' lang='lat' dir='ltr'><strong>onum</strong></span> <span class='ocrx_word' id='word_1_403' title='bbox 410 2829 444 2886; x_wconf 89' lang='lat' dir='ltr'><strong>de</strong></span> <span class='ocrx_word' id='word_1_404' title='bbox 462 2829 603 2886; x_wconf 84' lang='lat' dir='ltr'><strong>conservis</strong></span> <span class='ocrx_word' id='word_1_405' title='bbox 617 2828 675 2883; x_wconf 89' lang='lat' dir='ltr'><strong>suis</strong></span> <span class='ocrx_word' id='word_1_406' title='bbox 688 2828 735 2898; x_wconf 89' lang='lat' dir='ltr'><strong>qui</strong></span> <span class='ocrx_word' id='word_1_407' title='bbox 756 2825 872 2883; x_wconf 86' lang='lat' dir='ltr'><strong>debebat</strong></span> <span class='ocrx_word' id='word_1_408' title='bbox 891 2825 917 2881; x_wconf 92' lang='lat' dir='ltr'><strong>ei</strong></span> <span class='ocrx_word' id='word_1_409' title='bbox 1238 2823 1352 2884; x_wconf 79' lang='lat' dir='ltr'><strong>chenu</strong></span> <span class='ocrx_word' id='word_1_410' title='bbox 1371 2827 1484 2885; x_wconf 75' lang='lat' dir='ltr'><strong>ccxli.</strong></span> 
     </span>
    </p>

    <p class='ocr_par' dir='ltr' id='par_1_12' title="bbox 126 2911 1756 3098">
     <span class='ocr_line' id='line_1_44' title="bbox 126 2911 1756 3007; baseline 0.004 -28"><span class='ocrx_word' id='word_1_411' title='bbox 126 2933 233 2980; x_wconf 83' lang='lat' dir='ltr'><strong>ceritum</strong></span> <span class='ocrx_word' id='word_1_412' title='bbox 246 2924 382 2979; x_wconf 86' lang='lat' dir='ltr'><strong>denarios.</strong></span> <span class='ocrx_word' id='word_1_413' title='bbox 394 2925 451 2979; x_wconf 85' lang='lat' dir='ltr'><strong>Non</strong></span> <span class='ocrx_word' id='word_1_414' title='bbox 463 2923 542 2989; x_wconf 81' lang='lat' dir='ltr'><strong>dixit,</strong></span> <span class='ocrx_word' id='word_1_415' title='bbox 558 2922 601 2977; x_wconf 92' lang='lat' dir='ltr'><strong>cui</strong></span> <span class='ocrx_word' id='word_1_416' title='bbox 613 2920 732 2977; x_wconf 88' lang='lat' dir='ltr'><strong>debitum</strong></span> <span class='ocrx_word' id='word_1_417' title='bbox 742 2920 797 2992; x_wconf 80' lang='lat' dir='ltr'><strong>jam</strong></span> <span class='ocrx_word' id='word_1_418' title='bbox 809 2931 916 2976; x_wconf 88' lang='lat' dir='ltr'><strong>eentum</strong></span> <span class='ocrx_word' id='word_1_419' title='bbox 969 2911 1046 2979; x_wconf 76' lang='lat' dir='ltr'><strong>Quod</strong></span> <span class='ocrx_word' id='word_1_420' title='bbox 1059 2914 1200 2986; x_wconf 80' lang='lat' dir='ltr'><strong>baptismus</strong></span> <span class='ocrx_word' id='word_1_421' title='bbox 1211 2917 1301 3003; x_wconf 31' lang='lat' dir='ltr'><strong>liei-rit</strong></span> <span class='ocrx_word' id='word_1_422' title='bbox 1312 2935 1335 2975; x_wconf 88' lang='lat' dir='ltr'><strong>et</strong></span> <span class='ocrx_word' id='word_1_423' title='bbox 1348 2921 1471 3007; x_wconf 70' lang='lat' dir='ltr'><strong>Ecclesiae</strong></span> <span class='ocrx_word' id='word_1_424' title='bbox 1482 2925 1629 3000; x_wconf 77' lang='lat' dir='ltr'><strong>ubicunqne</strong></span> <span class='ocrx_word' id='word_1_425' title='bbox 1643 2929 1756 2986; x_wconf 79' lang='lat' dir='ltr'><strong>inueniet</strong></span> 
     </span>
     <span class='ocr_line' id='line_1_45' title="bbox 126 2989 1528 3098; baseline -0.008 -30"><span class='ocrx_word' id='word_1_426' title='bbox 126 3014 298 3070; x_wconf 87' lang='lat' dir='ltr'><strong>denariorum</strong></span> <span class='ocrx_word' id='word_1_427' title='bbox 319 3013 477 3079; x_wconf 84' lang='lat' dir='ltr'><strong>diririserat·,</strong></span> <span class='ocrx_word' id='word_1_428' title='bbox 503 3013 524 3067; x_wconf 93' lang='lat' dir='ltr'><strong>si</strong></span> <span class='ocrx_word' id='word_1_429' title='bbox 547 3012 619 3067; x_wconf 89' lang='lat' dir='ltr'><strong>euim</strong></span> <span class='ocrx_word' id='word_1_430' title='bbox 642 3010 792 3075; x_wconf 82' lang='lat' dir='ltr'><strong>dimiserat,</strong></span> <span class='ocrx_word' id='word_1_431' title='bbox 817 3024 871 3064; x_wconf 91' lang='lat' dir='ltr'><strong>non</strong></span> <span class='ocrx_word' id='word_1_432' title='bbox 891 3007 916 3063; x_wconf 86' lang='lat' dir='ltr'><strong>ci</strong></span> <span class='ocrx_word' id='word_1_433' title='bbox 1198 2989 1528 3098; x_wconf 52' lang='lat' dir='ltr'><strong>s”⁶¹&#39;.¹’‘.³‘⁰‘¹⁰m,‘⁸⁶&#39;⁰&#39;,</strong></span> 
     </span>
    </p>

    <p class='ocr_par' dir='ltr' id='par_1_13' title="bbox 126 3072 1752 3174">
     <span class='ocr_line' id='line_1_46' title="bbox 126 3072 1752 3174; baseline -0.01 -15"><span class='ocrx_word' id='word_1_434' title='bbox 126 3105 323 3174; x_wconf 75' lang='lat' dir='ltr'><strong>debebatzquia</strong></span> <span class='ocrx_word' id='word_1_435' title='bbox 336 3117 401 3172; x_wconf 75' lang='lat' dir='ltr'><strong>ergo</strong></span> <span class='ocrx_word' id='word_1_436' title='bbox 410 3104 489 3169; x_wconf 75' lang='lat' dir='ltr'><strong>hirti,</strong></span> <span class='ocrx_word' id='word_1_437' title='bbox 502 3102 615 3159; x_wconf 88' lang='lat' dir='ltr'><strong>debebat</strong></span> <span class='ocrx_word' id='word_1_438' title='bbox 627 3104 663 3167; x_wconf 90' lang='lat' dir='ltr'><strong>ei,</strong></span> <span class='ocrx_word' id='word_1_439' title='bbox 677 3102 847 3157; x_wconf 88' lang='lat' dir='ltr'><strong>manilestum</strong></span> <span class='ocrx_word' id='word_1_440' title='bbox 861 3109 911 3163; x_wconf 89' lang='lat' dir='ltr'><strong>est,</strong></span> <span class='ocrx_word' id='word_1_441' title='bbox 927 3106 951 3171; x_wconf 79' lang='lat' dir='ltr'><strong>c</strong></span> <span class='ocrx_word' id='word_1_442' title='bbox 1005 3072 1115 3130; x_wconf 69' lang='lat' dir='ltr'><strong>F¹¹¹³²¹²</strong></span> <span class='ocrx_word' id='word_1_443' title='bbox 1129 3091 1194 3149; x_wconf 65' lang='lat'><strong>0¹8⁰</strong></span> <span class='ocrx_word' id='word_1_444' title='bbox 1205 3077 1281 3134; x_wconf 58' lang='lat' dir='ltr'><strong>nibli</strong></span> <span class='ocrx_word' id='word_1_445' title='bbox 1291 3081 1382 3137; x_wconf 73' lang='lat' dir='ltr'><strong>dlchnl</strong></span> <span class='ocrx_word' id='word_1_446' title='bbox 1395 3101 1402 3135; x_wconf 69' lang='grc' dir='ltr'><em>τ</em></span> <span class='ocrx_word' id='word_1_447' title='bbox 1414 3083 1443 3140; x_wconf 80' lang='lat' dir='ltr'><strong>St</strong></span> <span class='ocrx_word' id='word_1_448' title='bbox 1457 3085 1623 3154; x_wconf 72' lang='lat' dir='ltr'><strong>baptismum</strong></span> <span class='ocrx_word' id='word_1_449' title='bbox 1637 3098 1752 3147; x_wconf 84' lang='lat' dir='ltr'><strong>nostrum</strong></span> 
     </span>
    </p>
   </div>
   <div class='ocr_carea' id='block_1_10' title="bbox 124 3168 1753 3266">
    <p class='ocr_par' dir='ltr' id='par_1_14' title="bbox 124 3168 1753 3266">
     <span class='ocr_line' id='line_1_47' title="bbox 124 3168 1753 3266; baseline -0.007 -16"><span class='ocrx_word' id='word_1_450' title='bbox 124 3197 195 3266; x_wconf 93' lang='lat' dir='ltr'><strong>qnod</strong></span> <span class='ocrx_word' id='word_1_451' title='bbox 210 3212 264 3252; x_wconf 89' lang='lat' dir='ltr'><strong>uon</strong></span> <span class='ocrx_word' id='word_1_452' title='bbox 279 3196 426 3253; x_wconf 82' lang='lat' dir='ltr'><strong>dimiserat.</strong></span> <span class='ocrx_word' id='word_1_453' title='bbox 443 3195 477 3250; x_wconf 80' lang='lat' dir='ltr'><strong>Et</strong></span> <span class='ocrx_word' id='word_1_454' title='bbox 489 3195 586 3250; x_wconf 90' lang='lat' dir='ltr'><strong>vuelius</strong></span> <span class='ocrx_word' id='word_1_455' title='bbox 600 3193 708 3264; x_wconf 90' lang='lat' dir='ltr'><strong>quidem</strong></span> <span class='ocrx_word' id='word_1_456' title='bbox 721 3193 818 3259; x_wconf 87' lang='lat' dir='ltr'><strong>luerat,</strong></span> <span class='ocrx_word' id='word_1_457' title='bbox 834 3201 914 3264; x_wconf 88' lang='lat' dir='ltr'><strong>atque</strong></span> <span class='ocrx_word' id='word_1_458' title='bbox 966 3168 1123 3237; x_wconf 48' lang='lat' dir='ltr'><strong>acceium-‘v</strong></span> <span class='ocrx_word' id='word_1_459' title='bbox 1136 3170 1200 3238; x_wconf 60' lang='lat' dir='ltr'><strong>quid</strong></span> <span class='ocrx_word' id='word_1_460' title='bbox 1216 3171 1303 3227; x_wconf 55' lang='lat' dir='ltr'><strong>minus</strong></span> <span class='ocrx_word' id='word_1_461' title='bbox 1319 3173 1458 3243; x_wconf 63' lang='lat' dir='ltr'><strong>bibemus,</strong></span> <span class='ocrx_word' id='word_1_462' title='bbox 1482 3186 1512 3232; x_wconf 76' lang='lat'><strong>¹¹²</strong></span> <span class='ocrx_word' id='word_1_463' title='bbox 1525 3181 1606 3236; x_wconf 77' lang='lat' dir='ltr'><strong>nobit</strong></span> <span class='ocrx_word' id='word_1_464' title='bbox 1619 3180 1655 3238; x_wconf 82' lang='lat' dir='ltr'><strong>tie</strong></span> <span class='ocrx_word' id='word_1_465' title='bbox 1672 3193 1753 3239; x_wconf 88' lang='lat' dir='ltr'><strong>vestra</strong></span> 
     </span>
    </p>
   </div>
   <div class='ocr_carea' id='block_1_11' title="bbox 32 3262 1753 3540">
    <p class='ocr_par' dir='ltr' id='par_1_15' title="bbox 32 3262 1753 3540">
     <span class='ocr_line' id='line_1_48' title="bbox 32 3262 1752 3379; baseline -0.005 -38"><span class='ocrx_word' id='word_1_466' title='bbox 32 3283 38 3291; x_wconf 86' lang='lat'>&#39;</span> <span class='ocrx_word' id='word_1_467' title='bbox 126 3290 176 3340; x_wconf 90' lang='lat' dir='ltr'><strong>hoc</strong></span> <span class='ocrx_word' id='word_1_468' title='bbox 189 3286 279 3356; x_wconf 92' lang='lat' dir='ltr'><strong>potius</strong></span> <span class='ocrx_word' id='word_1_469' title='bbox 293 3286 457 3356; x_wconf 88' lang='lat' dir='ltr'><strong>congruebat</strong></span> <span class='ocrx_word' id='word_1_470' title='bbox 468 3292 542 3338; x_wconf 90' lang='lat' dir='ltr'><strong>tanto</strong></span> <span class='ocrx_word' id='word_1_471' title='bbox 553 3283 668 3339; x_wconf 91' lang='lat' dir='ltr'><strong>debitori</strong></span> <span class='ocrx_word' id='word_1_472' title='bbox 680 3284 819 3340; x_wconf 91' lang='lat' dir='ltr'><strong>reddituro</strong></span> <span class='ocrx_word' id='word_1_473' title='bbox 833 3285 911 3339; x_wconf 84' lang='lat' dir='ltr'><strong>ratio</strong></span> <span class='ocrx_word' id='word_1_474' title='bbox 966 3262 1156 3364; x_wconf 62' lang='lat' dir='ltr'><strong>⁰⁰f¹¹¹¹¹¹¹⁰³⁰¹¹⁰</strong></span> <span class='ocrx_word' id='word_1_475' title='bbox 1187 3264 1380 3370; x_wconf 66' lang='lat' dir='ltr'><strong>‘&#39;⁰J¹⁸¹¹¹⁰¹¹d¹¹¹¹¹</strong></span> <span class='ocrx_word' id='word_1_476' title='bbox 1409 3269 1524 3338; x_wconf 56' lang='lat' dir='ltr'><strong>vuidis?</strong></span> <span class='ocrx_word' id='word_1_477' title='bbox 1552 3271 1752 3379; x_wconf 73' lang='lat' dir='ltr'><strong>Respondemus</strong></span> 
     </span>
     <span class='ocr_line' id='line_1_49' title="bbox 125 3355 1752 3467; baseline 0.004 -36"><span class='ocrx_word' id='word_1_478' title='bbox 125 3390 201 3442; x_wconf 82' lang='lat' dir='ltr'><strong>uem,</strong></span> <span class='ocrx_word' id='word_1_479' title='bbox 222 3383 250 3431; x_wconf 87' lang='lat' dir='ltr'><strong>el</strong></span> <span class='ocrx_word' id='word_1_480' title='bbox 271 3375 437 3445; x_wconf 81' lang='lat' dir='ltr'><strong>exspectanti</strong></span> <span class='ocrx_word' id='word_1_481' title='bbox 459 3375 672 3430; x_wconf 89' lang='lat' dir='ltr'><strong>misericordiam</strong></span> <span class='ocrx_word' id='word_1_482' title='bbox 687 3375 789 3431; x_wconf 89' lang='lat' dir='ltr'><strong>domiui</strong></span> <span class='ocrx_word' id='word_1_483' title='bbox 812 3377 865 3441; x_wconf 85' lang='lat' dir='ltr'><strong>sui,</strong></span> <span class='ocrx_word' id='word_1_484' title='bbox 885 3387 914 3430; x_wconf 90' lang='lat' dir='ltr'><strong>nt</strong></span> <span class='ocrx_word' id='word_1_485' title='bbox 965 3367 1036 3407; x_wconf 61' lang='lat' dir='ltr'><strong>emm</strong></span> <span class='ocrx_word' id='word_1_486' title='bbox 1049 3371 1056 3407; x_wconf 79' lang='lat'>²</span> <span class='ocrx_word' id='word_1_487' title='bbox 1070 3355 1128 3411; x_wconf 75' lang='lat' dir='ltr'>N⁰¹¹</span> <span class='ocrx_word' id='word_1_488' title='bbox 1150 3357 1314 3464; x_wconf 37' lang='lat' dir='ltr'><strong>&#39;ffllflsslllssm</strong></span> <span class='ocrx_word' id='word_1_489' title='bbox 1342 3372 1461 3467; x_wconf 58' lang='grc' dir='ltr'>ιθῦῑιΰιῐι</span> <span class='ocrx_word' id='word_1_490' title='bbox 1484 3373 1661 3433; x_wconf 62' lang='lat' dir='ltr'><strong>ioeehiamlss</strong></span> <span class='ocrx_word' id='word_1_491' title='bbox 1684 3369 1752 3438; x_wconf 66' lang='lat' dir='ltr'><strong>(11¹¹n</strong></span> 
     </span>
     <span class='ocr_line' id='line_1_50' title="bbox 124 3447 1753 3540; baseline 0.004 -35"><span class='ocrx_word' id='word_1_492' title='bbox 124 3471 197 3540; x_wconf 52' lang='grc' dir='ltr'><strong>μήθ,</strong></span> <span class='ocrx_word' id='word_1_493' title='bbox 211 3472 268 3540; x_wconf 63' lang='lat'><strong>5930</strong></span> <span class='ocrx_word' id='word_1_494' title='bbox 291 3484 422 3525; x_wconf 59' lang='lat' dir='ltr'>conservo</span> <span class='ocrx_word' id='word_1_495' title='bbox 445 3469 603 3534; x_wconf 46' lang='lat' dir='ltr'><strong>(umquem,</strong></span> <span class='ocrx_word' id='word_1_496' title='bbox 618 3469 689 3539; x_wconf 62' lang='lat' dir='ltr'><strong>quod</strong></span> <span class='ocrx_word' id='word_1_497' title='bbox 714 3470 738 3524; x_wconf 59' lang='lat' dir='ltr'><strong>ei</strong></span> <span class='ocrx_word' id='word_1_498' title='bbox 754 3468 912 3535; x_wconf 46' lang='lat' dir='ltr'><strong>debebam,</strong></span> <span class='ocrx_word' id='word_1_499' title='bbox 964 3459 1018 3500; x_wconf 88' lang='lat' dir='ltr'><strong>uon</strong></span> <span class='ocrx_word' id='word_1_500' title='bbox 1031 3457 1073 3501; x_wconf 91' lang='lat' dir='ltr'><strong>est</strong></span> <span class='ocrx_word' id='word_1_501' title='bbox 1084 3447 1234 3516; x_wconf 78' lang='lat' dir='ltr'><strong>baptismus</strong></span> <span class='ocrx_word' id='word_1_502' title='bbox 1249 3451 1295 3507; x_wconf 88' lang='lat' dir='ltr'><strong>vlle</strong></span> <span class='ocrx_word' id='word_1_503' title='bbox 1306 3453 1541 3510; x_wconf 85' lang='lat' dir='ltr'><strong>schismaticorum</strong></span> <span class='ocrx_word' id='word_1_504' title='bbox 1558 3459 1603 3512; x_wconf 83' lang='lat' dir='ltr'><strong>vel</strong></span> <span class='ocrx_word' id='word_1_505' title='bbox 1621 3459 1753 3516; x_wconf 83' lang='lat' dir='ltr'><strong>haeretieo-</strong></span> 
     </span>
    </p>
   </div>
   <div class='ocr_carea' id='block_1_12' title="bbox 964 3535 1753 3701">
    <p class='ocr_par' dir='ltr' id='par_1_16' title="bbox 964 3535 1753 3701">
     <span class='ocr_line' id='line_1_51' title="bbox 964 3535 1753 3616; baseline 0.022 -27"><span class='ocrx_word' id='word_1_506' title='bbox 964 3535 1046 3604; x_wconf 86' lang='lat' dir='ltr'><strong>rum),</strong></span> <span class='ocrx_word' id='word_1_507' title='bbox 1062 3537 1109 3593; x_wconf 90' lang='lat' dir='ltr'><strong>sed</strong></span> <span class='ocrx_word' id='word_1_508' title='bbox 1127 3538 1173 3595; x_wconf 82' lang='lat' dir='ltr'><strong>liei</strong></span> <span class='ocrx_word' id='word_1_509' title='bbox 1189 3550 1215 3596; x_wconf 91' lang='lat' dir='ltr'><strong>et</strong></span> <span class='ocrx_word' id='word_1_510' title='bbox 1229 3541 1366 3608; x_wconf 75' lang='lat' dir='ltr'><strong>Ecclesia,</strong></span> <span class='ocrx_word' id='word_1_511' title='bbox 1383 3544 1546 3616; x_wconf 91' lang='lat' dir='ltr'><strong>ubicumque</strong></span> <span class='ocrx_word' id='word_1_512' title='bbox 1561 3547 1648 3604; x_wconf 86' lang='lat' dir='ltr'><strong>luerit</strong></span> <span class='ocrx_word' id='word_1_513' title='bbox 1669 3551 1753 3606; x_wconf 85' lang='lat' dir='ltr'><strong>iuren-</strong></span> 
     </span>
     <span class='ocr_line' id='line_1_52' title="bbox 965 3634 1751 3701; baseline 0.022 -23"><span class='ocrx_word' id='word_1_514' title='bbox 965 3634 1017 3690; x_wconf 89' lang='lat' dir='ltr'><strong>tus,</strong></span> <span class='ocrx_word' id='word_1_515' title='bbox 1039 3634 1067 3680; x_wconf 90' lang='lat' dir='ltr'><strong>et</strong></span> <span class='ocrx_word' id='word_1_516' title='bbox 1082 3643 1242 3701; x_wconf 90' lang='lat' dir='ltr'><strong>quocunque</strong></span> <span class='ocrx_word' id='word_1_517' title='bbox 1268 3634 1423 3690; x_wconf 77' lang='lat' dir='ltr'><strong>transistus.</strong></span> <span class='ocrx_word' id='word_1_518' title='bbox 1443 3635 1569 3692; x_wconf 67' lang='lat' dir='ltr'><strong>*latrum</strong></span> <span class='ocrx_word' id='word_1_519' title='bbox 1593 3651 1685 3696; x_wconf 86' lang='lat' dir='ltr'><strong>autem</strong></span> <span class='ocrx_word' id='word_1_520' title='bbox 1704 3655 1751 3695; x_wconf 88' lang='grc' dir='ltr'>ιιοι</span> 
     </span>
    </p>
   </div>
   <div class='ocr_carea' id='block_1_13' title="bbox 122 3557 913 3626">
    <p class='ocr_par' dir='ltr' id='par_1_17' title="bbox 122 3557 913 3626">
     <span class='ocr_line' id='line_1_53' title="bbox 122 3557 913 3626; baseline -0.009 -8"><span class='ocrx_word' id='word_1_521' title='bbox 122 3569 151 3618; x_wconf 89' lang='grc' dir='ltr'><strong>οι</strong></span> <span class='ocrx_word' id='word_1_522' title='bbox 161 3557 200 3617; x_wconf 90' lang='lat' dir='ltr'><strong>s&#39;io</strong></span> <span class='ocrx_word' id='word_1_523' title='bbox 212 3561 246 3617; x_wconf 92' lang='lat' dir='ltr'><strong>ad</strong></span> <span class='ocrx_word' id='word_1_524' title='bbox 259 3560 391 3616; x_wconf 88' lang='lat' dir='ltr'><strong>rationem</strong></span> <span class='ocrx_word' id='word_1_525' title='bbox 411 3558 587 3626; x_wconf 88' lang='lat' dir='ltr'><strong>reddendam,</strong></span> <span class='ocrx_word' id='word_1_526' title='bbox 603 3559 647 3613; x_wconf 90' lang='lat' dir='ltr'><strong>ubi</strong></span> <span class='ocrx_word' id='word_1_527' title='bbox 667 3559 851 3614; x_wconf 87' lang='lat' dir='ltr'><strong>misericordia</strong></span> <span class='ocrx_word' id='word_1_528' title='bbox 864 3559 913 3613; x_wconf 91' lang='lat' dir='ltr'><strong>do-</strong></span> 
     </span>
    </p>
   </div>
   <div class='ocr_carea' id='block_1_14' title="bbox 30 3651 913 4275">
    <p class='ocr_par' dir='ltr' id='par_1_18' title="bbox 30 3651 913 4275">
     <span class='ocr_line' id='line_1_54' title="bbox 123 3651 912 3724; baseline -0.004 -14"><span class='ocrx_word' id='word_1_529' title='bbox 123 3655 188 3710; x_wconf 89' lang='lat' dir='ltr'><strong>mini</strong></span> <span class='ocrx_word' id='word_1_530' title='bbox 211 3654 376 3724; x_wconf 87' lang='lat' dir='ltr'><strong>irupioraoda</strong></span> <span class='ocrx_word' id='word_1_531' title='bbox 398 3662 469 3718; x_wconf 88' lang='lat' dir='ltr'><strong>erat,</strong></span> <span class='ocrx_word' id='word_1_532' title='bbox 495 3653 646 3711; x_wconf 86' lang='lat' dir='ltr'><strong>accederet.</strong></span> <span class='ocrx_word' id='word_1_533' title='bbox 673 3651 727 3707; x_wconf 86' lang='lat' dir='ltr'><strong>Nec</strong></span> <span class='ocrx_word' id='word_1_534' title='bbox 743 3661 832 3708; x_wconf 89' lang='lat' dir='ltr'><strong>tamen</strong></span> <span class='ocrx_word' id='word_1_535' title='bbox 847 3652 912 3707; x_wconf 89' lang='lat' dir='ltr'><strong>illud</strong></span> 
     </span>
     <span class='ocr_line' id='line_1_55' title="bbox 122 3743 912 3820; baseline -0.004 -19"><span class='ocrx_word' id='word_1_536' title='bbox 122 3747 192 3820; x_wconf 93' lang='lat' dir='ltr'><strong>quod</strong></span> <span class='ocrx_word' id='word_1_537' title='bbox 207 3746 323 3803; x_wconf 91' lang='lat' dir='ltr'><strong>noudum</strong></span> <span class='ocrx_word' id='word_1_538' title='bbox 336 3759 469 3803; x_wconf 82' lang='lat' dir='ltr'><strong>conserto</strong></span> <span class='ocrx_word' id='word_1_539' title='bbox 490 3745 630 3801; x_wconf 88' lang='lat' dir='ltr'><strong>dimiserat</strong></span> <span class='ocrx_word' id='word_1_540' title='bbox 651 3743 791 3814; x_wconf 77' lang='lat' dir='ltr'><strong>impedivit</strong></span> <span class='ocrx_word' id='word_1_541' title='bbox 803 3743 912 3799; x_wconf 92' lang='lat' dir='ltr'><strong>domino</strong></span> 
     </span>
     <span class='ocr_line' id='line_1_56' title="bbox 122 3835 913 3911; baseline -0.006 -18"><span class='ocrx_word' id='word_1_542' title='bbox 122 3835 282 3911; x_wconf 83' lang='lat' dir='ltr'><strong>[dominum]</strong></span> <span class='ocrx_word' id='word_1_543' title='bbox 302 3837 372 3906; x_wconf 85' lang='lat' dir='ltr'><strong>ejrrs,</strong></span> <span class='ocrx_word' id='word_1_544' title='bbox 397 3837 551 3908; x_wconf 78' lang='lat' dir='ltr'><strong>quominus,</strong></span> <span class='ocrx_word' id='word_1_545' title='bbox 574 3835 602 3890; x_wconf 91' lang='lat' dir='ltr'><strong>in</strong></span> <span class='ocrx_word' id='word_1_546' title='bbox 626 3836 672 3891; x_wconf 92' lang='lat' dir='ltr'><strong>illo</strong></span> <span class='ocrx_word' id='word_1_547' title='bbox 696 3843 818 3904; x_wconf 89' lang='lat' dir='ltr'><strong>tempore</strong></span> <span class='ocrx_word' id='word_1_548' title='bbox 841 3835 913 3889; x_wconf 88' lang='lat' dir='ltr'><strong>acci·</strong></span> 
     </span>
     <span class='ocr_line' id='line_1_57' title="bbox 121 3926 910 3999; baseline -0.006 -15"><span class='ocrx_word' id='word_1_549' title='bbox 121 3931 225 3999; x_wconf 74' lang='lat' dir='ltr'><strong>piendie</strong></span> <span class='ocrx_word' id='word_1_550' title='bbox 246 3929 357 3984; x_wconf 89' lang='lat' dir='ltr'><strong>rationis</strong></span> <span class='ocrx_word' id='word_1_551' title='bbox 379 3928 528 3983; x_wconf 87' lang='lat' dir='ltr'><strong>dimitteret</strong></span> <span class='ocrx_word' id='word_1_552' title='bbox 547 3929 573 3982; x_wconf 92' lang='lat' dir='ltr'><strong>ci</strong></span> <span class='ocrx_word' id='word_1_553' title='bbox 597 3926 763 3997; x_wconf 81' lang='lat' dir='ltr'><strong>omniaque</strong></span> <span class='ocrx_word' id='word_1_554' title='bbox 782 3926 910 3981; x_wconf 84' lang='lat' dir='ltr'><strong>debebat.</strong></span> 
     </span>
     <span class='ocr_line' id='line_1_58' title="bbox 120 4019 912 4091; baseline -0.003 -14"><span class='ocrx_word' id='word_1_555' title='bbox 120 4022 175 4077; x_wconf 86' lang='lat' dir='ltr'><strong>Sed</strong></span> <span class='ocrx_word' id='word_1_556' title='bbox 196 4021 259 4091; x_wconf 89' lang='lat' dir='ltr'><strong>quid</strong></span> <span class='ocrx_word' id='word_1_557' title='bbox 275 4020 374 4090; x_wconf 86' lang='lat' dir='ltr'><strong>proluit</strong></span> <span class='ocrx_word' id='word_1_558' title='bbox 393 4019 609 4091; x_wconf 87' lang='lat' dir='ltr'><strong>quandoquidem</strong></span> <span class='ocrx_word' id='word_1_559' title='bbox 633 4021 660 4076; x_wconf 90' lang='lat' dir='ltr'><strong>io</strong></span> <span class='ocrx_word' id='word_1_560' title='bbox 674 4029 755 4090; x_wconf 89' lang='lat' dir='ltr'><strong>caput</strong></span> <span class='ocrx_word' id='word_1_561' title='bbox 768 4020 827 4090; x_wconf 84' lang='lat' dir='ltr'><strong>ejus</strong></span> <span class='ocrx_word' id='word_1_562' title='bbox 848 4034 912 4090; x_wconf 91' lang='lat' dir='ltr'><strong>pro-</strong></span> 
     </span>
     <span class='ocr_line' id='line_1_59' title="bbox 120 4113 910 4185; baseline -0.001 -16"><span class='ocrx_word' id='word_1_563' title='bbox 120 4125 179 4185; x_wconf 91' lang='lat' dir='ltr'><strong>pter</strong></span> <span class='ocrx_word' id='word_1_564' title='bbox 192 4115 313 4169; x_wconf 90' lang='lat' dir='ltr'><strong>odiorum</strong></span> <span class='ocrx_word' id='word_1_565' title='bbox 330 4113 558 4184; x_wconf 87' lang='lat' dir='ltr'><strong>perseverantiam</strong></span> <span class='ocrx_word' id='word_1_566' title='bbox 575 4127 666 4167; x_wconf 89' lang='lat' dir='ltr'><strong>rursus</strong></span> <span class='ocrx_word' id='word_1_567' title='bbox 680 4113 771 4169; x_wconf 87' lang='lat' dir='ltr'><strong>omnia</strong></span> <span class='ocrx_word' id='word_1_568' title='bbox 783 4113 910 4169; x_wconf 90' lang='lat' dir='ltr'><strong>continno</strong></span> 
     </span>
     <span class='ocr_line' id='line_1_60' title="bbox 30 4203 909 4275; baseline -0.001 -14"><span class='ocrx_word' id='word_1_569' title='bbox 30 4223 35 4239; x_wconf 74' lang='lat'><strong><em>¹</em></strong></span> <span class='ocrx_word' id='word_1_570' title='bbox 120 4206 246 4275; x_wconf 88' lang='lat' dir='ltr'><strong>replicata</strong></span> <span class='ocrx_word' id='word_1_571' title='bbox 267 4206 347 4259; x_wconf 81' lang='lat' dir='ltr'><strong>sumi</strong></span> <span class='ocrx_word' id='word_1_572' title='bbox 372 4203 416 4261; x_wconf 88' lang='lat' dir='ltr'><strong>Sic</strong></span> <span class='ocrx_word' id='word_1_573' title='bbox 439 4220 491 4257; x_wconf 85' lang='lat' dir='ltr'><strong>aron</strong></span> <span class='ocrx_word' id='word_1_574' title='bbox 514 4203 658 4273; x_wconf 88' lang='lat' dir='ltr'><strong>impeditur</strong></span> <span class='ocrx_word' id='word_1_575' title='bbox 676 4204 801 4273; x_wconf 88' lang='lat' dir='ltr'><strong>baptismi</strong></span> <span class='ocrx_word' id='word_1_576' title='bbox 826 4205 909 4274; x_wconf 86' lang='lat' dir='ltr'><strong>gratia</strong></span> 
     </span>
    </p>
   </div>
   <div class='ocr_carea' id='block_1_15' title="bbox 120 4288 987 4370">
    <p class='ocr_par' dir='ltr' id='par_1_19' title="bbox 120 4288 987 4370">
     <span class='ocr_line' id='line_1_61' title="bbox 120 4288 987 4370; baseline 0.007 -22"><span class='ocrx_word' id='word_1_577' title='bbox 120 4299 262 4370; x_wconf 81' lang='lat' dir='ltr'><strong>quominus</strong></span> <span class='ocrx_word' id='word_1_578' title='bbox 277 4297 367 4353; x_wconf 87' lang='lat' dir='ltr'><strong>omnia</strong></span> <span class='ocrx_word' id='word_1_579' title='bbox 382 4307 488 4366; x_wconf 91' lang='lat' dir='ltr'><strong>peccata</strong></span> <span class='ocrx_word' id='word_1_580' title='bbox 501 4288 716 4366; x_wconf 84' lang='lat' dir='ltr'><strong>dimittat‚etiam</strong></span> <span class='ocrx_word' id='word_1_581' title='bbox 726 4299 748 4352; x_wconf 89' lang='lat' dir='ltr'><strong>si</strong></span> <span class='ocrx_word' id='word_1_582' title='bbox 758 4298 849 4354; x_wconf 89' lang='lat' dir='ltr'><strong>odium</strong></span> <span class='ocrx_word' id='word_1_583' title='bbox 859 4299 911 4354; x_wconf 89' lang='lat' dir='ltr'><strong>ira·</strong></span> <span class='ocrx_word' id='word_1_584' title='bbox 981 4350 987 4361; x_wconf 85' lang='lat'><strong>,</strong></span> 
     </span>
    </p>
   </div>
   <div class='ocr_carea' id='block_1_16' title="bbox 121 4388 906 4461">
    <p class='ocr_par' dir='ltr' id='par_1_20' title="bbox 121 4388 906 4461">
     <span class='ocr_line' id='line_1_62' title="bbox 121 4388 906 4461; baseline 0.001 -15"><span class='ocrx_word' id='word_1_585' title='bbox 121 4391 272 4446; x_wconf 82' lang='lat' dir='ltr'><strong>ternomio</strong></span> <span class='ocrx_word' id='word_1_586' title='bbox 297 4388 355 4460; x_wconf 80' lang='lat' dir='ltr'><strong>eius</strong></span> <span class='ocrx_word' id='word_1_587' title='bbox 378 4390 419 4445; x_wconf 91' lang='lat' dir='ltr'><strong>cui</strong></span> <span class='ocrx_word' id='word_1_588' title='bbox 435 4389 607 4445; x_wconf 90' lang='lat' dir='ltr'><strong>dimittuntur</strong></span> <span class='ocrx_word' id='word_1_589' title='bbox 631 4390 722 4444; x_wconf 92' lang='lat' dir='ltr'><strong>animo</strong></span> <span class='ocrx_word' id='word_1_590' title='bbox 743 4401 906 4461; x_wconf 85' lang='lat' dir='ltr'><strong>perseverat.</strong></span> 
     </span>
    </p>
   </div>
   <div class='ocr_carea' id='block_1_17' title="bbox 961 3719 1751 4437">
    <p class='ocr_par' dir='ltr' id='par_1_21' title="bbox 961 3719 1751 4437">
     <span class='ocr_line' id='line_1_63' title="bbox 963 3719 1745 3804; baseline 0.022 -33"><span class='ocrx_word' id='word_1_591' title='bbox 963 3728 1014 3784; x_wconf 90' lang='lat' dir='ltr'><strong>est,</strong></span> <span class='ocrx_word' id='word_1_592' title='bbox 1028 3719 1079 3774; x_wconf 89' lang='lat' dir='ltr'><strong>uisi</strong></span> <span class='ocrx_word' id='word_1_593' title='bbox 1093 3722 1165 3790; x_wconf 93' lang='lat' dir='ltr'><strong>quod</strong></span> <span class='ocrx_word' id='word_1_594' title='bbox 1181 3738 1262 3793; x_wconf 86' lang='lat' dir='ltr'><strong>prave</strong></span> <span class='ocrx_word' id='word_1_595' title='bbox 1285 3727 1402 3794; x_wconf 85' lang='lat' dir='ltr'><strong>sentitis,</strong></span> <span class='ocrx_word' id='word_1_596' title='bbox 1418 3736 1450 3783; x_wconf 88' lang='lat' dir='ltr'><strong>&#39;et</strong></span> <span class='ocrx_word' id='word_1_597' title='bbox 1464 3729 1596 3800; x_wconf 87' lang='lat' dir='ltr'><strong>sacrilege</strong></span> <span class='ocrx_word' id='word_1_598' title='bbox 1620 3733 1707 3804; x_wconf 84' lang='lat' dir='ltr'><strong>agitis,</strong></span> <span class='ocrx_word' id='word_1_599' title='bbox 1721 3743 1745 3788; x_wconf 88' lang='lat' dir='ltr'><strong>et</strong></span> 
     </span>
     <span class='ocr_line' id='line_1_64' title="bbox 963 3807 1751 3879; baseline 0.018 -18"><span class='ocrx_word' id='word_1_600' title='bbox 963 3807 1044 3877; x_wconf 88' lang='lat' dir='ltr'><strong>impie</strong></span> <span class='ocrx_word' id='word_1_601' title='bbox 1056 3814 1232 3879; x_wconf 90' lang='lat' dir='ltr'><strong>separamini.</strong></span> <span class='ocrx_word' id='word_1_602' title='bbox 1245 3814 1311 3869; x_wconf 82' lang='lat' dir='ltr'><strong>Nam</strong></span> <span class='ocrx_word' id='word_1_603' title='bbox 1324 3816 1456 3873; x_wconf 80' lang='lat' dir='ltr'><strong>sicaetera</strong></span> <span class='ocrx_word' id='word_1_604' title='bbox 1472 3821 1563 3874; x_wconf 89' lang='lat' dir='ltr'><strong>omnia</strong></span> <span class='ocrx_word' id='word_1_605' title='bbox 1575 3835 1641 3877; x_wconf 84' lang='lat' dir='ltr'><strong>vera</strong></span> <span class='ocrx_word' id='word_1_606' title='bbox 1656 3823 1695 3877; x_wconf 91' lang='lat' dir='ltr'><strong>vel</strong></span> <span class='ocrx_word' id='word_1_607' title='bbox 1710 3822 1751 3876; x_wconf 88' lang='lat' dir='ltr'><strong>ha·</strong></span> 
     </span>
     <span class='ocr_line' id='line_1_65' title="bbox 963 3898 1751 3984; baseline 0.023 -33"><span class='ocrx_word' id='word_1_608' title='bbox 963 3898 1047 3953; x_wconf 86' lang='lat' dir='ltr'><strong>beatis</strong></span> <span class='ocrx_word' id='word_1_609' title='bbox 1058 3902 1098 3955; x_wconf 87' lang='lat' dir='ltr'><strong>rel</strong></span> <span class='ocrx_word' id='word_1_610' title='bbox 1120 3903 1242 3961; x_wconf 84' lang='lat' dir='ltr'><strong>sentiatis</strong></span> <span class='ocrx_word' id='word_1_611' title='bbox 1257 3907 1295 3977; x_wconf 88' lang='lat' dir='ltr'><strong>(et</strong></span> <span class='ocrx_word' id='word_1_612' title='bbox 1319 3907 1454 3965; x_wconf 84' lang='lat' dir='ltr'><strong>incudem</strong></span> <span class='ocrx_word' id='word_1_613' title='bbox 1471 3921 1561 3967; x_wconf 83' lang='lat' dir='ltr'><strong>meren</strong></span> <span class='ocrx_word' id='word_1_614' title='bbox 1588 3916 1751 3984; x_wconf 79' lang='lat' dir='ltr'><strong>separatione</strong></span> 
     </span>
     <span class='ocr_line' id='line_1_66' title="bbox 963 3989 1748 4071; baseline 0.023 -29"><span class='ocrx_word' id='word_1_615' title='bbox 963 3989 1075 4056; x_wconf 89' lang='lat' dir='ltr'><strong>duretis,</strong></span> <span class='ocrx_word' id='word_1_616' title='bbox 1088 3992 1218 4051; x_wconf 88' lang='lat' dir='ltr'><strong>adversus</strong></span> <span class='ocrx_word' id='word_1_617' title='bbox 1232 3997 1367 4053; x_wconf 91' lang='lat' dir='ltr'><strong>vioeoium</strong></span> <span class='ocrx_word' id='word_1_618' title='bbox 1384 3998 1509 4056; x_wconf 80' lang='lat' dir='ltr'><strong>traterne</strong></span> <span class='ocrx_word' id='word_1_619' title='bbox 1525 4000 1611 4071; x_wconf 88' lang='lat' dir='ltr'><strong>pocis,</strong></span> <span class='ocrx_word' id='word_1_620' title='bbox 1627 4003 1748 4060; x_wconf 82' lang='lat' dir='ltr'><strong>adsersus</strong></span> 
     </span>
     <span class='ocr_line' id='line_1_67' title="bbox 963 4078 1749 4160; baseline 0.024 -29"><span class='ocrx_word' id='word_1_621' title='bbox 963 4078 1091 4135; x_wconf 90' lang='lat' dir='ltr'><strong>unitatem</strong></span> <span class='ocrx_word' id='word_1_622' title='bbox 1112 4084 1233 4140; x_wconf 87' lang='lat' dir='ltr'><strong>omniurn</strong></span> <span class='ocrx_word' id='word_1_623' title='bbox 1249 4085 1362 4143; x_wconf 79' lang='lat' dir='ltr'><strong>fratrum</strong></span> <span class='ocrx_word' id='word_1_624' title='bbox 1387 4089 1435 4160; x_wconf 91' lang='lat' dir='ltr'><strong>qui</strong></span> <span class='ocrx_word' id='word_1_625' title='bbox 1457 4100 1513 4146; x_wconf 94' lang='lat' dir='ltr'><strong>toto</strong></span> <span class='ocrx_word' id='word_1_626' title='bbox 1534 4101 1669 4150; x_wconf 85' lang='lat' dir='ltr'><strong>terrarum</strong></span> <span class='ocrx_word' id='word_1_627' title='bbox 1689 4095 1749 4149; x_wconf 89' lang='lat' dir='ltr'><strong>orbe</strong></span> 
     </span>
     <span class='ocr_line' id='line_1_68' title="bbox 961 4169 1748 4251; baseline 0.02 -28"><span class='ocrx_word' id='word_1_628' title='bbox 961 4169 1030 4224; x_wconf 89' lang='lat' dir='ltr'><strong>sicot</strong></span> <span class='ocrx_word' id='word_1_629' title='bbox 1044 4173 1170 4240; x_wconf 88' lang='lat' dir='ltr'><strong>promissi</strong></span> <span class='ocrx_word' id='word_1_630' title='bbox 1196 4186 1268 4245; x_wconf 90' lang='lat' dir='ltr'><strong>sont,</strong></span> <span class='ocrx_word' id='word_1_631' title='bbox 1290 4178 1326 4233; x_wconf 92' lang='lat' dir='ltr'><strong>ila</strong></span> <span class='ocrx_word' id='word_1_632' title='bbox 1348 4180 1472 4248; x_wconf 83' lang='lat' dir='ltr'><strong>exhibiti,</strong></span> <span class='ocrx_word' id='word_1_633' title='bbox 1494 4196 1613 4251; x_wconf 88' lang='lat' dir='ltr'><strong>quorum</strong></span> <span class='ocrx_word' id='word_1_634' title='bbox 1636 4186 1748 4240; x_wconf 85' lang='lat' dir='ltr'><strong>omniurn</strong></span> 
     </span>
     <span class='ocr_line' id='line_1_69' title="bbox 961 4265 1748 4346; baseline 0.023 -34"><span class='ocrx_word' id='word_1_635' title='bbox 961 4265 1202 4332; x_wconf 75' lang='lat' dir='ltr'><strong>carcasensem,</strong></span> <span class='ocrx_word' id='word_1_636' title='bbox 1222 4267 1295 4324; x_wconf 89' lang='lat' dir='ltr'><strong>nullo</strong></span> <span class='ocrx_word' id='word_1_637' title='bbox 1310 4270 1390 4326; x_wconf 89' lang='lat' dir='ltr'><strong>modo</strong></span> <span class='ocrx_word' id='word_1_638' title='bbox 1405 4286 1522 4341; x_wconf 87' lang='lat' dir='ltr'><strong>nuquam</strong></span> <span class='ocrx_word' id='word_1_639' title='bbox 1538 4286 1621 4328; x_wconf 73' lang='lat' dir='ltr'><strong>nome</strong></span> <span class='ocrx_word' id='word_1_640' title='bbox 1636 4288 1668 4330; x_wconf 88' lang='lat' dir='ltr'><strong>ac</strong></span> <span class='ocrx_word' id='word_1_641' title='bbox 1684 4271 1748 4346; x_wconf 74' lang='lat' dir='ltr'><strong>[ancl</strong></span> 
     </span>
     <span class='ocr_line' id='line_1_70' title="bbox 961 4347 1747 4437; baseline 0.023 -33"><span class='ocrx_word' id='word_1_642' title='bbox 961 4347 1094 4409; x_wconf 83' lang='lat' dir='ltr'><strong>discutere</strong></span> <span class='ocrx_word' id='word_1_643' title='bbox 1114 4357 1248 4426; x_wconf 88' lang='lat' dir='ltr'><strong>potuistis,</strong></span> <span class='ocrx_word' id='word_1_644' title='bbox 1271 4371 1300 4414; x_wconf 90' lang='lat' dir='ltr'><strong>ut</strong></span> <span class='ocrx_word' id='word_1_645' title='bbox 1320 4363 1416 4418; x_wconf 88' lang='lat' dir='ltr'><strong>merito</strong></span> <span class='ocrx_word' id='word_1_646' title='bbox 1441 4364 1608 4422; x_wconf 86' lang='lat' dir='ltr'><strong>damnaretis</strong></span> <span class='ocrx_word' id='word_1_647' title='bbox 1632 4368 1678 4437; x_wconf 89' lang='lat' dir='ltr'><strong>qui</strong></span> <span class='ocrx_word' id='word_1_648' title='bbox 1698 4383 1747 4422; x_wconf 90' lang='lat' dir='ltr'><strong>uon</strong></span> 
     </span>
    </p>
   </div>
   <div class='ocr_carea' id='block_1_18' title="bbox 120 4452 1748 4553">
    <p class='ocr_par' dir='ltr' id='par_1_22' title="bbox 120 4452 1748 4553">
     <span class='ocr_line' id='line_1_71' title="bbox 120 4452 1748 4553; baseline 0.006 -17"><span class='ocrx_word' id='word_1_649' title='bbox 120 4483 238 4538; x_wconf 82' lang='lat' dir='ltr'><strong>Solvitur</strong></span> <span class='ocrx_word' id='word_1_650' title='bbox 251 4483 322 4537; x_wconf 89' lang='lat' dir='ltr'><strong>enim</strong></span> <span class='ocrx_word' id='word_1_651' title='bbox 339 4483 480 4537; x_wconf 80' lang='lat' dir='ltr'><strong>hesternus</strong></span> <span class='ocrx_word' id='word_1_652' title='bbox 494 4482 563 4548; x_wconf 87' lang='lat' dir='ltr'><strong>dies,</strong></span> <span class='ocrx_word' id='word_1_653' title='bbox 583 4491 611 4537; x_wconf 91' lang='lat' dir='ltr'><strong>et</strong></span> <span class='ocrx_word' id='word_1_654' title='bbox 624 4481 754 4553; x_wconf 90' lang='lat' dir='ltr'><strong>quidquid</strong></span> <span class='ocrx_word' id='word_1_655' title='bbox 770 4463 907 4553; x_wconf 83' lang='lat' dir='ltr'><strong>supra&#39;est</strong></span> <span class='ocrx_word' id='word_1_656' title='bbox 923 4483 947 4544; x_wconf 85' lang='lat' dir='ltr'>D</span> <span class='ocrx_word' id='word_1_657' title='bbox 961 4454 1073 4543; x_wconf 51' lang='lat' dir='ltr'><strong>mmm</strong></span> <span class='ocrx_word' id='word_1_658' title='bbox 1083 4456 1224 4523; x_wconf 48' lang='lat' dir='ltr'><strong>minem*</strong></span> <span class='ocrx_word' id='word_1_659' title='bbox 1238 4452 1277 4506; x_wconf 55' lang='lat'><strong>¹⁰¹</strong></span> <span class='ocrx_word' id='word_1_660' title='bbox 1291 4466 1361 4519; x_wconf 46' lang='grc' dir='ltr'><strong>Μ’</strong></span> <span class='ocrx_word' id='word_1_661' title='bbox 1373 4455 1432 4523; x_wconf 60' lang='lat'>‘¹⁰⁵²</span> <span class='ocrx_word' id='word_1_662' title='bbox 1442 4454 1579 4523; x_wconf 47' lang='lat' dir='ltr'><strong>indiam</strong></span> <span class='ocrx_word' id='word_1_663' title='bbox 1589 4458 1748 4513; x_wconf 60' lang='lat' dir='ltr'><strong>⁰⁰⁰¹⁰⁸i²³⁰&#39;</strong></span> 
     </span>
    </p>
   </div>
   <div class='ocr_carea' id='block_1_19' title="bbox 119 4576 910 5100">
    <p class='ocr_par' dir='ltr' id='par_1_23' title="bbox 119 4576 910 5100">
     <span class='ocr_line' id='line_1_72' title="bbox 120 4576 908 4652; baseline 0.005 -20"><span class='ocrx_word' id='word_1_664' title='bbox 120 4577 241 4640; x_wconf 86' lang='lat' dir='ltr'><strong>solvitur,</strong></span> <span class='ocrx_word' id='word_1_665' title='bbox 258 4578 337 4632; x_wconf 88' lang='lat' dir='ltr'><strong>etiarn</strong></span> <span class='ocrx_word' id='word_1_666' title='bbox 360 4576 418 4643; x_wconf 86' lang='lat' dir='ltr'><strong>ipsa</strong></span> <span class='ocrx_word' id='word_1_667' title='bbox 439 4576 503 4631; x_wconf 86' lang='lat' dir='ltr'><strong>hura</strong></span> <span class='ocrx_word' id='word_1_668' title='bbox 527 4586 716 4649; x_wconf 71' lang='lat' dir='ltr'><strong>nroincntoque</strong></span> <span class='ocrx_word' id='word_1_669' title='bbox 734 4590 797 4637; x_wconf 88' lang='lat' dir='ltr'><strong>ante</strong></span> <span class='ocrx_word' id='word_1_670' title='bbox 821 4581 908 4652; x_wconf 86' lang='lat' dir='ltr'><strong>bapti·</strong></span> 
     </span>
     <span class='ocr_line' id='line_1_73' title="bbox 120 4667 909 4738; baseline 0.014 -17"><span class='ocrx_word' id='word_1_671' title='bbox 120 4680 207 4721; x_wconf 81' lang='lat' dir='ltr'><strong>sirium</strong></span> <span class='ocrx_word' id='word_1_672' title='bbox 220 4678 247 4721; x_wconf 91' lang='lat' dir='ltr'><strong>et</strong></span> <span class='ocrx_word' id='word_1_673' title='bbox 261 4667 287 4720; x_wconf 93' lang='lat' dir='ltr'><strong>iu</strong></span> <span class='ocrx_word' id='word_1_674' title='bbox 301 4667 434 4737; x_wconf 89' lang='lat' dir='ltr'><strong>baptismo</strong></span> <span class='ocrx_word' id='word_1_675' title='bbox 448 4686 454 4721; x_wconf 86' lang='lat'>:</span> <span class='ocrx_word' id='word_1_676' title='bbox 467 4669 593 4738; x_wconf 87' lang='lat' dir='ltr'><strong>deinceps</strong></span> <span class='ocrx_word' id='word_1_677' title='bbox 605 4681 693 4725; x_wconf 74' lang='lat' dir='ltr'><strong>aunem</strong></span> <span class='ocrx_word' id='word_1_678' title='bbox 708 4678 836 4729; x_wconf 88' lang='lat' dir='ltr'><strong>continno</strong></span> <span class='ocrx_word' id='word_1_679' title='bbox 848 4689 909 4731; x_wconf 88' lang='lat' dir='ltr'><strong>reus</strong></span> 
     </span>
     <span class='ocr_line' id='line_1_74' title="bbox 120 4758 908 4834; baseline 0.015 -23"><span class='ocrx_word' id='word_1_680' title='bbox 120 4769 181 4811; x_wconf 84' lang='lat' dir='ltr'><strong>esse</strong></span> <span class='ocrx_word' id='word_1_681' title='bbox 196 4758 297 4827; x_wconf 87' lang='lat' dir='ltr'><strong>incipit,</strong></span> <span class='ocrx_word' id='word_1_682' title='bbox 317 4775 370 4813; x_wconf 85' lang='lat' dir='ltr'><strong>uun</strong></span> <span class='ocrx_word' id='word_1_683' title='bbox 394 4761 481 4814; x_wconf 88' lang='lat' dir='ltr'><strong>solutu</strong></span> <span class='ocrx_word' id='word_1_684' title='bbox 504 4763 737 4834; x_wconf 86' lang='lat' dir='ltr'><strong>consequentium,</strong></span> <span class='ocrx_word' id='word_1_685' title='bbox 754 4764 802 4819; x_wconf 87' lang='lat' dir='ltr'><strong>sed</strong></span> <span class='ocrx_word' id='word_1_686' title='bbox 827 4773 908 4823; x_wconf 82' lang='lat' dir='ltr'><strong>etam</strong></span> 
     </span>
     <span class='ocr_line' id='line_1_75' title="bbox 120 4847 910 4924; baseline 0.018 -25"><span class='ocrx_word' id='word_1_687' title='bbox 120 4847 317 4918; x_wconf 74' lang='lat' dir='ltr'><strong>praeteritorum</strong></span> <span class='ocrx_word' id='word_1_688' title='bbox 343 4850 459 4914; x_wconf 87' lang='lat' dir='ltr'><strong>dierum,</strong></span> <span class='ocrx_word' id='word_1_689' title='bbox 484 4851 621 4919; x_wconf 73' lang='lat' dir='ltr'><strong>iturorum,</strong></span> <span class='ocrx_word' id='word_1_690' title='bbox 637 4855 846 4924; x_wconf 81' lang='lat' dir='ltr'><strong>momentorum,</strong></span> <span class='ocrx_word' id='word_1_691' title='bbox 868 4873 910 4913; x_wconf 86' lang='lat' dir='ltr'><strong>re·</strong></span> 
     </span>
     <span class='ocr_line' id='line_1_76' title="bbox 119 4938 908 5018; baseline 0.011 -25"><span class='ocrx_word' id='word_1_692' title='bbox 119 4938 264 4993; x_wconf 85' lang='lat' dir='ltr'><strong>deurvtibus</strong></span> <span class='ocrx_word' id='word_1_693' title='bbox 277 4942 401 4996; x_wconf 89' lang='lat' dir='ltr'><strong>omnibus</strong></span> <span class='ocrx_word' id='word_1_694' title='bbox 420 4959 480 5012; x_wconf 77' lang='lat' dir='ltr'><strong>quac</strong></span> <span class='ocrx_word' id='word_1_695' title='bbox 502 4943 612 4998; x_wconf 89' lang='lat' dir='ltr'><strong>dimissa</strong></span> <span class='ocrx_word' id='word_1_696' title='bbox 636 4955 710 5013; x_wconf 89' lang='lat' dir='ltr'><strong>snrrt,</strong></span> <span class='ocrx_word' id='word_1_697' title='bbox 729 4956 757 5002; x_wconf 88' lang='lat' dir='ltr'><strong>et</strong></span> <span class='ocrx_word' id='word_1_698' title='bbox 770 4960 843 5018; x_wconf 80' lang='lat' dir='ltr'><strong>saepe</strong></span> <span class='ocrx_word' id='word_1_699' title='bbox 859 4951 908 5002; x_wconf 87' lang='lat' dir='ltr'><strong>ista</strong></span> 
     </span>
     <span class='ocr_line' id='line_1_77' title="bbox 120 5029 469 5100; baseline 0.02 -15"><span class='ocrx_word' id='word_1_700' title='bbox 120 5029 281 5100; x_wconf 86' lang='lat' dir='ltr'><strong>contingunt</strong></span> <span class='ocrx_word' id='word_1_701' title='bbox 294 5034 321 5088; x_wconf 91' lang='lat' dir='ltr'><strong>in</strong></span> <span class='ocrx_word' id='word_1_702' title='bbox 338 5033 469 5092; x_wconf 84' lang='lat' dir='ltr'><strong>Ecclesia.</strong></span> 
     </span>
    </p>
   </div>
   <div class='ocr_carea' id='block_1_20' title="bbox 391 5146 637 5209">
    <p class='ocr_par' dir='ltr' id='par_1_24' title="bbox 391 5146 637 5209">
     <span class='ocr_line' id='line_1_78' title="bbox 391 5146 637 5209; baseline 0.028 -7"><span class='ocrx_word' id='word_1_703' title='bbox 391 5146 506 5206; x_wconf 77' lang='lat' dir='ltr'><strong>curet</strong></span> <span class='ocrx_word' id='word_1_704' title='bbox 523 5152 637 5209; x_wconf 83' lang='lat' dir='ltr'><strong>ccxlii.</strong></span> 
     </span>
    </p>
   </div>
   <div class='ocr_carea' id='block_1_21' title="bbox 118 5255 910 5811">
    <p class='ocr_par' dir='ltr' id='par_1_25' title="bbox 119 5255 909 5407">
     <span class='ocr_line' id='line_1_79' title="bbox 119 5255 909 5347; baseline 0.022 -37"><span class='ocrx_word' id='word_1_705' title='bbox 119 5255 326 5328; x_wconf 75' lang='lat' dir='ltr'><strong>Deicptirundo</strong></span> <span class='ocrx_word' id='word_1_706' title='bbox 349 5261 375 5315; x_wconf 88' lang='lat' dir='ltr'><strong>in</strong></span> <span class='ocrx_word' id='word_1_707' title='bbox 391 5264 508 5347; x_wconf 73' lang='lat' dir='ltr'><strong>periculo</strong></span> <span class='ocrx_word' id='word_1_708' title='bbox 530 5267 621 5320; x_wconf 87' lang='lat' dir='ltr'><strong>mertis</strong></span> <span class='ocrx_word' id='word_1_709' title='bbox 643 5270 792 5341; x_wconf 83' lang='lat' dir='ltr'><strong>constituto,</strong></span> <span class='ocrx_word' id='word_1_710' title='bbox 814 5287 845 5325; x_wconf 84' lang='lat' dir='ltr'><strong>oc</strong></span> <span class='ocrx_word' id='word_1_711' title='bbox 859 5271 909 5327; x_wconf 90' lang='lat' dir='ltr'><strong>irti-</strong></span> 
     </span>
     <span class='ocr_line' id='line_1_80' title="bbox 400 5346 637 5407; baseline 0.021 -21"><span class='ocrx_word' id='word_1_712' title='bbox 400 5346 511 5390; x_wconf 82' lang='lat' dir='ltr'><strong>mrcruuc</strong></span> <span class='ocrx_word' id='word_1_713' title='bbox 525 5349 637 5407; x_wconf 82' lang='lat' dir='ltr'><strong>percute.</strong></span> 
     </span>
    </p>

    <p class='ocr_par' dir='ltr' id='par_1_26' title="bbox 153 5442 909 5533">
     <span class='ocr_line' id='line_1_81' title="bbox 153 5442 909 5533; baseline 0.026 -35"><span class='ocrx_word' id='word_1_714' title='bbox 153 5442 220 5499; x_wconf 77' lang='lat' dir='ltr'><strong>liam</strong></span> <span class='ocrx_word' id='word_1_715' title='bbox 232 5446 388 5519; x_wconf 88' lang='lat' dir='ltr'><strong>pierumque</strong></span> <span class='ocrx_word' id='word_1_716' title='bbox 401 5451 429 5506; x_wconf 88' lang='lat' dir='ltr'><strong>ht</strong></span> <span class='ocrx_word' id='word_1_717' title='bbox 442 5462 471 5507; x_wconf 93' lang='grc' dir='ltr'><strong>ιιι</strong></span> <span class='ocrx_word' id='word_1_718' title='bbox 482 5451 667 5512; x_wconf 90' lang='lat' dir='ltr'><strong>bomohabeat</strong></span> <span class='ocrx_word' id='word_1_719' title='bbox 680 5459 816 5516; x_wconf 90' lang='lat' dir='ltr'><strong>inimicum</strong></span> <span class='ocrx_word' id='word_1_720' title='bbox 828 5478 909 5533; x_wconf 88' lang='lat' dir='ltr'><strong>quem</strong></span> 
     </span>
    </p>

    <p class='ocr_par' dir='ltr' id='par_1_27' title="bbox 119 5533 910 5622">
     <span class='ocr_line' id='line_1_82' title="bbox 119 5533 910 5622; baseline 0.033 -37"><span class='ocrx_word' id='word_1_721' title='bbox 119 5533 287 5604; x_wconf 82' lang='lat' dir='ltr'><strong>iniquissime</strong></span> <span class='ocrx_word' id='word_1_722' title='bbox 301 5540 397 5611; x_wconf 86' lang='lat' dir='ltr'><strong>oderit,</strong></span> <span class='ocrx_word' id='word_1_723' title='bbox 411 5560 561 5615; x_wconf 86' lang='lat' dir='ltr'><strong>quanquam</strong></span> <span class='ocrx_word' id='word_1_724' title='bbox 577 5550 657 5604; x_wconf 87' lang='lat' dir='ltr'><strong>etiam</strong></span> <span class='ocrx_word' id='word_1_725' title='bbox 671 5550 776 5622; x_wconf 89' lang='lat' dir='ltr'><strong>iniquos</strong></span> <span class='ocrx_word' id='word_1_726' title='bbox 787 5553 910 5612; x_wconf 89' lang='lat' dir='ltr'><strong>inimicos</strong></span> 
     </span>
    </p>

    <p class='ocr_par' dir='ltr' id='par_1_28' title="bbox 118 5623 908 5712">
     <span class='ocr_line' id='line_1_83' title="bbox 118 5623 908 5712; baseline 0.032 -34"><span class='ocrx_word' id='word_1_727' title='bbox 118 5623 232 5712; x_wconf 87' lang='lat' dir='ltr'><strong>diligere</strong></span> <span class='ocrx_word' id='word_1_728' title='bbox 245 5630 396 5698; x_wconf 86' lang='lat' dir='ltr'><strong>jubeamur,</strong></span> <span class='ocrx_word' id='word_1_729' title='bbox 421 5649 448 5691; x_wconf 92' lang='lat' dir='ltr'><strong>et</strong></span> <span class='ocrx_word' id='word_1_730' title='bbox 472 5654 551 5695; x_wconf 89' lang='lat' dir='ltr'><strong>orare</strong></span> <span class='ocrx_word' id='word_1_731' title='bbox 573 5656 621 5711; x_wconf 90' lang='lat' dir='ltr'><strong>pro</strong></span> <span class='ocrx_word' id='word_1_732' title='bbox 635 5644 674 5699; x_wconf 86' lang='lat' dir='ltr'><strong>eis</strong></span> <span class='ocrx_word' id='word_1_733' title='bbox 687 5662 693 5696; x_wconf 92' lang='lat'>:</span> <span class='ocrx_word' id='word_1_734' title='bbox 705 5644 795 5701; x_wconf 90' lang='lat' dir='ltr'><strong>subito</strong></span> <span class='ocrx_word' id='word_1_735' title='bbox 819 5659 908 5703; x_wconf 89' lang='lat' dir='ltr'><strong>autem</strong></span> 
     </span>
    </p>

    <p class='ocr_par' dir='ltr' id='par_1_29' title="bbox 120 5713 907 5811">
     <span class='ocr_line' id='line_1_84' title="bbox 120 5713 907 5811; baseline 0.033 -41"><span class='ocrx_word' id='word_1_736' title='bbox 120 5713 346 5784; x_wconf 71' lang='lat' dir='ltr'><strong>periculosiores</strong></span> <span class='ocrx_word' id='word_1_737' title='bbox 367 5726 461 5800; x_wconf 89' lang='lat' dir='ltr'><strong>incipit</strong></span> <span class='ocrx_word' id='word_1_738' title='bbox 482 5733 653 5803; x_wconf 85' lang='lat' dir='ltr'><strong>perturbari,</strong></span> <span class='ocrx_word' id='word_1_739' title='bbox 678 5745 705 5792; x_wconf 93' lang='lat' dir='ltr'><strong>ct</strong></span> <span class='ocrx_word' id='word_1_740' title='bbox 719 5739 806 5810; x_wconf 90' lang='lat' dir='ltr'><strong>poscit</strong></span> <span class='ocrx_word' id='word_1_741' title='bbox 821 5739 907 5811; x_wconf 87' lang='lat' dir='ltr'><strong>bapti-</strong></span> 
     </span>
    </p>
   </div>
   <div class='ocr_carea' id='block_1_22' title="bbox 962 4535 1751 5438">
    <p class='ocr_par' dir='ltr' id='par_1_30' title="bbox 962 4535 1751 5438">
     <span class='ocr_line' id='line_1_85' title="bbox 962 4535 1749 4612; baseline 0.023 -26"><span class='ocrx_word' id='word_1_742' title='bbox 962 4535 1117 4604; x_wconf 75' lang='lat' dir='ltr'><strong>enepotius,</strong></span> <span class='ocrx_word' id='word_1_743' title='bbox 1133 4554 1212 4605; x_wconf 85' lang='lat' dir='ltr'><strong>qoam</strong></span> <span class='ocrx_word' id='word_1_744' title='bbox 1228 4541 1406 4612; x_wconf 88' lang='lat' dir='ltr'><strong>litigatoribus</strong></span> <span class='ocrx_word' id='word_1_745' title='bbox 1420 4545 1560 4601; x_wconf 89' lang='lat' dir='ltr'><strong>credidere</strong></span> <span class='ocrx_word' id='word_1_746' title='bbox 1577 4562 1586 4601; x_wconf 81' lang='lat' dir='ltr'><strong>t</strong></span> <span class='ocrx_word' id='word_1_747' title='bbox 1603 4547 1655 4603; x_wconf 89' lang='lat' dir='ltr'><strong>hoc</strong></span> <span class='ocrx_word' id='word_1_748' title='bbox 1668 4548 1749 4604; x_wconf 84' lang='lat' dir='ltr'><strong>solun</strong></span> 
     </span>
     <span class='ocr_line' id='line_1_86' title="bbox 964 4627 1749 4707; baseline 0.019 -27"><span class='ocrx_word' id='word_1_749' title='bbox 964 4627 1051 4684; x_wconf 90' lang='lat' dir='ltr'><strong>minus</strong></span> <span class='ocrx_word' id='word_1_750' title='bbox 1068 4629 1185 4698; x_wconf 87' lang='lat' dir='ltr'><strong>habetis,</strong></span> <span class='ocrx_word' id='word_1_751' title='bbox 1208 4634 1279 4704; x_wconf 91' lang='lat' dir='ltr'><strong>quod</strong></span> <span class='ocrx_word' id='word_1_752' title='bbox 1304 4637 1392 4693; x_wconf 90' lang='lat' dir='ltr'><strong>miuus</strong></span> <span class='ocrx_word' id='word_1_753' title='bbox 1413 4637 1504 4704; x_wconf 68' lang='lat' dir='ltr'><strong>habet,</strong></span> <span class='ocrx_word' id='word_1_754' title='bbox 1532 4638 1577 4707; x_wconf 93' lang='lat' dir='ltr'><strong>qui</strong></span> <span class='ocrx_word' id='word_1_755' title='bbox 1594 4639 1749 4697; x_wconf 84' lang='lat' dir='ltr'><strong>citaritateua</strong></span> 
     </span>
     <span class='ocr_line' id='line_1_87' title="bbox 963 4716 1749 4795; baseline 0.019 -26"><span class='ocrx_word' id='word_1_756' title='bbox 963 4716 1199 4776; x_wconf 77' lang='lat' dir='ltr'><strong>cephaleniam</strong></span> <span class='ocrx_word' id='word_1_757' title='bbox 1222 4722 1286 4792; x_wconf 90' lang='lat' dir='ltr'><strong>quid</strong></span> <span class='ocrx_word' id='word_1_758' title='bbox 1308 4738 1377 4795; x_wconf 89' lang='lat' dir='ltr'><strong>opus</strong></span> <span class='ocrx_word' id='word_1_759' title='bbox 1396 4734 1448 4794; x_wconf 89' lang='lat' dir='ltr'><strong>est,</strong></span> <span class='ocrx_word' id='word_1_760' title='bbox 1473 4740 1501 4780; x_wconf 91' lang='grc' dir='ltr'><strong>ιιι</strong></span> <span class='ocrx_word' id='word_1_761' title='bbox 1526 4741 1575 4782; x_wconf 92' lang='lat' dir='ltr'><strong>nos</strong></span> <span class='ocrx_word' id='word_1_762' title='bbox 1599 4738 1749 4786; x_wconf 86' lang='lat' dir='ltr'><strong>retexamus</strong></span> 
     </span>
     <span class='ocr_line' id='line_1_88' title="bbox 963 4807 1749 4895; baseline 0.017 -32"><span class='ocrx_word' id='word_1_763' title='bbox 963 4807 1156 4883; x_wconf 76' lang='lat' dir='ltr'><strong>[retexemus1l</strong></span> <span class='ocrx_word' id='word_1_764' title='bbox 1172 4826 1218 4870; x_wconf 89' lang='lat' dir='ltr'><strong>vos</strong></span> <span class='ocrx_word' id='word_1_765' title='bbox 1242 4814 1294 4884; x_wconf 84' lang='lat' dir='ltr'><strong>ipsi</strong></span> <span class='ocrx_word' id='word_1_766' title='bbox 1309 4815 1338 4872; x_wconf 91' lang='lat' dir='ltr'><strong>iu</strong></span> <span class='ocrx_word' id='word_1_767' title='bbox 1361 4816 1492 4895; x_wconf 74' lang='lat' dir='ltr'><strong>hpoqtolo</strong></span> <span class='ocrx_word' id='word_1_768' title='bbox 1512 4818 1650 4891; x_wconf 85' lang='lat' dir='ltr'><strong>inspicite,</strong></span> <span class='ocrx_word' id='word_1_769' title='bbox 1671 4836 1749 4892; x_wconf 83' lang='lat' dir='ltr'><strong>quan·</strong></span> 
     </span>
     <span class='ocr_line' id='line_1_89' title="bbox 965 4901 1748 4979; baseline 0.023 -30"><span class='ocrx_word' id='word_1_770' title='bbox 965 4904 1019 4952; x_wconf 88' lang='lat' dir='ltr'><strong>tuin</strong></span> <span class='ocrx_word' id='word_1_771' title='bbox 1046 4910 1081 4955; x_wconf 87' lang='lat' dir='ltr'><strong>sit</strong></span> <span class='ocrx_word' id='word_1_772' title='bbox 1104 4901 1176 4970; x_wconf 90' lang='lat' dir='ltr'><strong>quod</strong></span> <span class='ocrx_word' id='word_1_773' title='bbox 1192 4905 1281 4960; x_wconf 89' lang='lat' dir='ltr'><strong>minus</strong></span> <span class='ocrx_word' id='word_1_774' title='bbox 1303 4905 1418 4964; x_wconf 89' lang='lat' dir='ltr'><strong>habetis.</strong></span> <span class='ocrx_word' id='word_1_775' title='bbox 1434 4909 1503 4978; x_wconf 86' lang='lat' dir='ltr'><strong>Quid</strong></span> <span class='ocrx_word' id='word_1_776' title='bbox 1526 4923 1617 4965; x_wconf 89' lang='lat' dir='ltr'><strong>autern</strong></span> <span class='ocrx_word' id='word_1_777' title='bbox 1632 4912 1748 4979; x_wconf 89' lang='lat' dir='ltr'><strong>interest,</strong></span> 
     </span>
     <span class='ocr_line' id='line_1_90' title="bbox 966 4987 1749 5075; baseline 0.02 -34"><span class='ocrx_word' id='word_1_778' title='bbox 966 4987 1009 5056; x_wconf 84' lang='lat' dir='ltr'><strong>qui</strong></span> <span class='ocrx_word' id='word_1_779' title='bbox 1023 4991 1181 5047; x_wconf 78' lang='lat' dir='ltr'><strong>charitatem</strong></span> <span class='ocrx_word' id='word_1_780' title='bbox 1197 5011 1250 5050; x_wconf 93' lang='lat' dir='ltr'><strong>nou</strong></span> <span class='ocrx_word' id='word_1_781' title='bbox 1264 4996 1355 5066; x_wconf 89' lang='lat' dir='ltr'><strong>habet,</strong></span> <span class='ocrx_word' id='word_1_782' title='bbox 1369 5008 1457 5055; x_wconf 90' lang='lat' dir='ltr'><strong>utrum</strong></span> <span class='ocrx_word' id='word_1_783' title='bbox 1478 5002 1550 5056; x_wconf 87' lang='lat' dir='ltr'><strong>loras</strong></span> <span class='ocrx_word' id='word_1_784' title='bbox 1562 5002 1654 5075; x_wconf 79' lang='lat' dir='ltr'><strong>avolet</strong></span> <span class='ocrx_word' id='word_1_785' title='bbox 1667 5003 1749 5073; x_wconf 87' lang='lat' dir='ltr'><strong>aliquo</strong></span> 
     </span>
     <span class='ocr_line' id='line_1_91' title="bbox 964 5083 1749 5156; baseline 0.019 -25"><span class='ocrx_word' id='word_1_786' title='bbox 964 5090 1046 5134; x_wconf 84' lang='lat' dir='ltr'><strong>rento</strong></span> <span class='ocrx_word' id='word_1_787' title='bbox 1068 5090 1111 5136; x_wconf 91' lang='lat' dir='ltr'><strong>ten</strong></span> <span class='ocrx_word' id='word_1_788' title='bbox 1125 5083 1223 5140; x_wconf 87' lang='lat' dir='ltr'><strong>ationis</strong></span> <span class='ocrx_word' id='word_1_789' title='bbox 1237 5087 1352 5156; x_wconf 87' lang='lat' dir='ltr'><strong>ablatos,</strong></span> <span class='ocrx_word' id='word_1_790' title='bbox 1367 5103 1401 5145; x_wconf 85' lang='lat' dir='ltr'><strong>an</strong></span> <span class='ocrx_word' id='word_1_791' title='bbox 1416 5090 1488 5146; x_wconf 87' lang='lat' dir='ltr'><strong>iulos</strong></span> <span class='ocrx_word' id='word_1_792' title='bbox 1502 5091 1536 5145; x_wconf 92' lang='lat' dir='ltr'><strong>de</strong></span> <span class='ocrx_word' id='word_1_793' title='bbox 1562 5106 1654 5148; x_wconf 85' lang='lat' dir='ltr'><strong>messe</strong></span> <span class='ocrx_word' id='word_1_794' title='bbox 1667 5091 1749 5147; x_wconf 87' lang='lat' dir='ltr'><strong>donti-</strong></span> 
     </span>
     <span class='ocr_line' id='line_1_92' title="bbox 964 5171 1751 5256; baseline 0.015 -30"><span class='ocrx_word' id='word_1_795' title='bbox 964 5171 1023 5227; x_wconf 89' lang='lat' dir='ltr'><strong>uiea</strong></span> <span class='ocrx_word' id='word_1_796' title='bbox 1035 5189 1087 5229; x_wconf 89' lang='lat' dir='ltr'><strong>non</strong></span> <span class='ocrx_word' id='word_1_797' title='bbox 1103 5176 1220 5244; x_wconf 86' lang='lat' dir='ltr'><strong>recedat,</strong></span> <span class='ocrx_word' id='word_1_798' title='bbox 1238 5181 1264 5234; x_wconf 94' lang='lat' dir='ltr'><strong>in</strong></span> <span class='ocrx_word' id='word_1_799' title='bbox 1276 5180 1368 5237; x_wconf 89' lang='lat' dir='ltr'><strong>ultima</strong></span> <span class='ocrx_word' id='word_1_800' title='bbox 1383 5184 1557 5241; x_wconf 76' lang='lat' dir='ltr'><strong>ventilatione</strong></span> <span class='ocrx_word' id='word_1_801' title='bbox 1570 5184 1751 5256; x_wconf 77' lang='lat' dir='ltr'><strong>separandus!</strong></span> 
     </span>
     <span class='ocr_line' id='line_1_93' title="bbox 964 5272 1750 5350; baseline 0.018 -30"><span class='ocrx_word' id='word_1_802' title='bbox 964 5273 992 5320; x_wconf 94' lang='lat' dir='ltr'><strong>et</strong></span> <span class='ocrx_word' id='word_1_803' title='bbox 1007 5277 1096 5323; x_wconf 88' lang='lat' dir='ltr'><strong>tarrren</strong></span> <span class='ocrx_word' id='word_1_804' title='bbox 1112 5272 1194 5327; x_wconf 87' lang='lat' dir='ltr'><strong>etiarn</strong></span> <span class='ocrx_word' id='word_1_805' title='bbox 1218 5275 1296 5341; x_wconf 88' lang='lat' dir='ltr'><strong>tales,</strong></span> <span class='ocrx_word' id='word_1_806' title='bbox 1316 5274 1405 5346; x_wconf 77' lang='lat' dir='ltr'><strong>eiiam</strong></span> <span class='ocrx_word' id='word_1_807' title='bbox 1421 5278 1506 5333; x_wconf 88' lang='lat' dir='ltr'><strong>semel</strong></span> <span class='ocrx_word' id='word_1_808' title='bbox 1522 5292 1570 5346; x_wconf 93' lang='lat' dir='ltr'><strong>per</strong></span> <span class='ocrx_word' id='word_1_809' title='bbox 1595 5278 1750 5350; x_wconf 87' lang='lat' dir='ltr'><strong>baptismum</strong></span> 
     </span>
     <span class='ocr_line' id='line_1_94' title="bbox 966 5359 1582 5438; baseline 0.026 -28"><span class='ocrx_word' id='word_1_810' title='bbox 966 5359 1036 5413; x_wconf 90' lang='lat' dir='ltr'><strong>nacti</strong></span> <span class='ocrx_word' id='word_1_811' title='bbox 1051 5371 1123 5426; x_wconf 85' lang='lat' dir='ltr'><strong>suut,</strong></span> <span class='ocrx_word' id='word_1_812' title='bbox 1135 5361 1232 5420; x_wconf 91' lang='lat' dir='ltr'><strong>iterum</strong></span> <span class='ocrx_word' id='word_1_813' title='bbox 1246 5380 1294 5420; x_wconf 90' lang='lat' dir='ltr'><strong>eos</strong></span> <span class='ocrx_word' id='word_1_814' title='bbox 1307 5368 1382 5424; x_wconf 88' lang='lat' dir='ltr'><strong>nasei</strong></span> <span class='ocrx_word' id='word_1_815' title='bbox 1396 5384 1449 5424; x_wconf 94' lang='lat' dir='ltr'><strong>non</strong></span> <span class='ocrx_word' id='word_1_816' title='bbox 1463 5379 1582 5438; x_wconf 87' lang='lat' dir='ltr'><strong>oportet.</strong></span> 
     </span>
    </p>
   </div>
   <div class='ocr_carea' id='block_1_23' title="bbox 966 5453 1753 5602">
    <p class='ocr_par' dir='ltr' id='par_1_31' title="bbox 966 5453 1753 5602">
     <span class='ocr_line' id='line_1_95' title="bbox 1230 5453 1464 5516; baseline 0.021 -5"><span class='ocrx_word' id='word_1_817' title='bbox 1230 5453 1343 5513; x_wconf 73' lang='lat' dir='ltr'><strong>CAPUT</strong></span> <span class='ocrx_word' id='word_1_818' title='bbox 1362 5460 1464 5516; x_wconf 76' lang='lat' dir='ltr'><strong>CCXV.</strong></span> 
     </span>
     <span class='ocr_line' id='line_1_96' title="bbox 966 5518 1753 5602; baseline 0.018 -32"><span class='ocrx_word' id='word_1_819' title='bbox 966 5518 1041 5584; x_wconf 79' lang='lat' dir='ltr'><strong>Quod</strong></span> <span class='ocrx_word' id='word_1_820' title='bbox 1055 5520 1169 5578; x_wconf 77' lang='lat' dir='ltr'><strong>Ecclesia</strong></span> <span class='ocrx_word' id='word_1_821' title='bbox 1181 5528 1277 5596; x_wconf 83' lang='lat' dir='ltr'><strong>periet,</strong></span> <span class='ocrx_word' id='word_1_822' title='bbox 1294 5529 1344 5582; x_wconf 87' lang='lat' dir='ltr'><strong>sine</strong></span> <span class='ocrx_word' id='word_1_823' title='bbox 1358 5546 1402 5598; x_wconf 84' lang='lat' dir='ltr'><strong>per</strong></span> <span class='ocrx_word' id='word_1_824' title='bbox 1421 5549 1457 5598; x_wconf 88' lang='lat' dir='ltr'><strong>se,</strong></span> <span class='ocrx_word' id='word_1_825' title='bbox 1469 5532 1522 5586; x_wconf 84' lang='lat' dir='ltr'><strong>sine</strong></span> <span class='ocrx_word' id='word_1_826' title='bbox 1535 5548 1581 5602; x_wconf 82' lang='lat' dir='ltr'><strong>per</strong></span> <span class='ocrx_word' id='word_1_827' title='bbox 1602 5533 1753 5588; x_wconf 84' lang='lat' dir='ltr'><strong>anciliorum</strong></span> 
     </span>
    </p>
   </div>
   <div class='ocr_carea' id='block_1_24' title="bbox 998 5597 1752 5723">
    <p class='ocr_par' dir='ltr' id='par_1_32' title="bbox 998 5597 1752 5723">
     <span class='ocr_line' id='line_1_97' title="bbox 999 5597 1752 5673; baseline 0.02 -32"><span class='ocrx_word' id='word_1_828' title='bbox 999 5603 1097 5644; x_wconf 80' lang='lat' dir='ltr'><strong>veterum</strong></span> <span class='ocrx_word' id='word_1_829' title='bbox 1119 5597 1150 5649; x_wconf 82' lang='lat' dir='ltr'><strong>tle</strong></span> <span class='ocrx_word' id='word_1_830' title='bbox 1166 5599 1262 5652; x_wconf 81' lang='lat' dir='ltr'><strong>sentius</strong></span> <span class='ocrx_word' id='word_1_831' title='bbox 1281 5599 1328 5652; x_wconf 83' lang='lat' dir='ltr'><strong>eici</strong></span> <span class='ocrx_word' id='word_1_832' title='bbox 1343 5603 1394 5671; x_wconf 84' lang='lat' dir='ltr'><strong>sni,</strong></span> <span class='ocrx_word' id='word_1_833' title='bbox 1408 5602 1451 5655; x_wconf 88' lang='lat' dir='ltr'><strong>ubi</strong></span> <span class='ocrx_word' id='word_1_834' title='bbox 1464 5605 1537 5673; x_wconf 83' lang='lat' dir='ltr'><strong>ponit</strong></span> <span class='ocrx_word' id='word_1_835' title='bbox 1550 5605 1752 5668; x_wconf 84' lang='lat' dir='ltr'><strong>sietrhttrdioem,</strong></span> 
     </span>
     <span class='ocr_line' id='line_1_98' title="bbox 998 5661 1243 5723; baseline 0.041 -11"><span class='ocrx_word' id='word_1_836' title='bbox 998 5661 1030 5714; x_wconf 83' lang='lat' dir='ltr'><strong>tle</strong></span> <span class='ocrx_word' id='word_1_837' title='bbox 1044 5662 1114 5718; x_wconf 74' lang='lat' dir='ltr'><strong>Esou</strong></span> <span class='ocrx_word' id='word_1_838' title='bbox 1136 5676 1158 5718; x_wconf 92' lang='lat' dir='ltr'><strong>et</strong></span> <span class='ocrx_word' id='word_1_839' title='bbox 1170 5668 1243 5723; x_wconf 80' lang='lat' dir='ltr'><strong>Aser.</strong></span> 
     </span>
    </p>
   </div>
   <div class='ocr_carea' id='block_1_25' title="bbox 998 5751 1756 5839">
    <p class='ocr_par' dir='ltr' id='par_1_33' title="bbox 998 5751 1756 5839">
     <span class='ocr_line' id='line_1_99' title="bbox 998 5751 1756 5839; baseline 0.03 -32"><span class='ocrx_word' id='word_1_840' title='bbox 998 5751 1117 5812; x_wconf 78' lang='lat' dir='ltr'><strong>Ecclesia</strong></span> <span class='ocrx_word' id='word_1_841' title='bbox 1132 5758 1231 5829; x_wconf 88' lang='lat' dir='ltr'><strong>quippe</strong></span> <span class='ocrx_word' id='word_1_842' title='bbox 1242 5775 1337 5823; x_wconf 80' lang='lat' dir='ltr'><strong>onvuee</strong></span> <span class='ocrx_word' id='word_1_843' title='bbox 1353 5775 1401 5834; x_wconf 90' lang='lat' dir='ltr'><strong>per</strong></span> <span class='ocrx_word' id='word_1_844' title='bbox 1421 5760 1587 5833; x_wconf 84' lang='lat' dir='ltr'><strong>baptismum</strong></span> <span class='ocrx_word' id='word_1_845' title='bbox 1602 5772 1682 5839; x_wconf 86' lang='lat' dir='ltr'><strong>parit,</strong></span> <span class='ocrx_word' id='word_1_846' title='bbox 1704 5774 1756 5830; x_wconf 86' lang='lat' dir='ltr'><strong>sire</strong></span> 
     </span>
    </p>
   </div>
   <div class='ocr_carea' id='block_1_26' title="bbox 0 0 1892 6120">
    <p class='ocr_par' dir='ltr' id='par_1_34' title="bbox 0 0 1892 6120">
     <span class='ocr_line' id='line_1_100' title="bbox 0 0 1892 6120; baseline 0 0"><span class='ocrx_word' id='word_1_847' title='bbox 0 0 1892 6120; x_wconf 95' lang='lat' dir='ltr'><strong> </strong></span> 
     </span>
    </p>
   </div>
  </div>
 </body>
</html>
