3774 6120
45 262 100 319 tul
557 246 692 305 cottus
714 243 863 301 antestis
883 241 1063 301 blattinis.
1084 242 1145 298 ttu.
1169 241 1189 299 Ι.
1633 247 1684 300 ιω

46 373 209 445 pandamus
224 385 235 437 ς
248 376 275 425 et
292 380 424 439 agnosces
436 364 623 430 Atlramaivmr,
637 360 678 417 vel
688 360 747 430 rjvrs
759 368 850 415 aucto·
864 361 889 422 A
904 358 969 414 lidos
984 357 1064 427 bvrjm
1079 358 1195 415 rvorninis
1209 373 1309 429 expers
1322 374 1382 416 rers
1398 370 1441 418 est
1451 361 1542 434 (sicuti
1555 363 1617 433 cst).
1629 363 1698 422 hnc.

47 480 109 531 res,
119 462 298 533 apostolicam
311 458 390 514 hdern
403 470 533 513 notorum
544 454 694 524 odinatione
704 451 847 506 verborum
898 449 957 506 sino
971 451 1053 507 dubio
1068 450 1132 506 ialsa
1145 452 1207 518 erit,
1222 468 1281 521 qua
1294 457 1409 524 antiquae
1424 454 1486 511 lldei
1501 454 1617 511 nominis
1637 474 1686 511 au·

48 565 168 611 eatenus
183 549 359 620 corrupisse;
377 557 405 600 ιιι
417 554 445 601 et
464 558 512 601 eos
530 543 575 614 qui
592 541 710 612 antiquis
737 540 847 595 latrum
898 544 1009 597 ritatem
1028 542 1136 612 adjecit.
1148 543 1266 599 herolve
1279 554 1373 601 cuncta
1390 546 1458 602 llovi
1476 556 1504 602 et
1518 546 1621 603 leteris
1635 548 1687 602 ‘lu-

52 647 192 701 tacuere
205 639 352 704 doctrinis.
369 635 518 691 ambitione
532 631 672 702 regiensi,
693 631 849 687 censuerint

54 737 186 794 lesalibus
205 730 366 801 relegandos
383 727 489 783 edictis.

90 825 198 881 Probus
216 824 302 894 iader
328 820 413 874 dicit.-
437 818 467 874 Si
494 815 635 887 praeeatis
656 812 756 884 negotii
779 812 850 867 ratio

56 917 178 987 postulat
200 924 230 973 ut
244 916 382 970 decretum
394 908 492 965 Nicaeni
504 907 610 962 conscilii
622 908 648 962 io
659 906 748 961 medio
760 903 850 974 prole·

56 1022 147 1076 ratas,
160 1010 190 1064 id
204 1022 314 1080 quoque
327 1004 488 1060 Athanasius
506 1016 554 1055 sua
570 1000 760 1069 prosecutione
777 997 850 1053 desi·

58 1112 138 1167 ιιιοι,
158 1108 239 1154 ntea
261 1097 400 1166 utriusque
424 1093 569 1147 rolvmtatis
590 1105 712 1155 assanru,
736 1090 760 1144 ri
786 1088 848 1159 quid

58 1193 123 1248 illud
138 1199 181 1247 cst
198 1188 270 1260 quod
287 1188 403 1243 relertur
422 1186 592 1240 extrinsecus
606 1181 743 1239 recitetur.

93 1280 252 1335 Atltsaasitts
266 1279 331 1333 diait
347 1293 357 1331 :
376 1277 472 1331 Cattsae
482 1274 604 1344 congruit
619 1285 647 1327 ut
660 1288 748 1328 rerum
761 1281 850 1342 qesta·

61 1389 117 1428 ram
133 1372 264 1427 lectionis
277 1370 354 1440 copia
370 1385 423 1424 uon
439 1377 559 1437 rrcqetur.

94 1462 198 1516 Probus
208 1460 294 1532 jedes
304 1460 386 1513 disis:
399 1460 469 1529 Ergo
483 1467 512 1514 ut
524 1457 670 1522 desiderat,
687 1456 787 1526 pra-lati
804 1456 851 1511 de·

61 1554 125 1608 creti
138 1552 225 1608 lectio
234 1550 388 1606 ventiletur.

96 1645 128 1700 lit
143 1645 246 1699 lectum
256 1651 299 1699 est
313 1642 369 1696 ita:
387 1640 529 1696 condimus
548 1641 575 1694 ln
595 1655 676 1693 ιιιιιιιιι
700 1639 782 1693 licum
800 1638 850 1690 Ρι-

898 633 1023 688 stamenti
1044 632 1296 697 comminantium
1315 634 1413 692 alicubi
1432 637 1589 693 homousion
1604 642 1688 693 sacris

899 722 1015 778 inditum
1031 723 1133 794 paginis
1144 725 1244 791 poteris
1261 725 1390 794 reperire.

935 815 980 869 tlt.
997 815 1097 869 Probas
1106 818 1190 885 jadra
1209 818 1294 871 dis't:
1309 817 1377 882 Quid
1397 817 1438 871 his
1451 817 1582 873 rcierturi

935 906 1091 960 Athanasius
1105 909 1191 962 dreit:
1207 909 1327 962 Nominis
1342 917 1443 962 ιιιιιιιιιι
1457 910 1600 963 ollmrvluris
1613 910 1687 964 novi-

901 1008 970 1058 tate;
980 1014 1013 1051 aa
1024 999 1105 1052 etiam
1117 999 1200 1067 ipsius
1212 1000 1252 1054 rei
1265 1000 1401 1067 virtutem,
1413 1014 1472 1069 qua
1483 1000 1532 1054 hoc
1544 1009 1686 1056 cstsottvts

901 1091 1070 1156 vocabulum,
1084 1090 1203 1159 relegisti

935 1191 1013 1245 Arius
1027 1191 1107 1245 disit:
1122 1190 1190 1258 Quid
1205 1190 1291 1254 dicas,
1305 1204 1357 1244 non
1373 1190 1438 1244 satis
1450 1189 1514 1245 intel
1526 1189 1579 1259 iqo.

936 1291 1090 1345 Athanasius
1102 1291 1185 1345 distr:
1197 1291 1253 1361 94
1265 1290 1397 1357 Quoniam
1414 1305 1456 1346 res
1467 1291 1577 1361 antiqua
1590 1307 1686 1346 notram

901 1397 998 1437 nomen
1012 1382 1129 1447 recepit,
1143 1397 1196 1434 nou
1210 1382 1340 1435 rucalmlo
1363 1397 1433 1435 noro
1453 1397 1531 1437 norro
1550 1384 1587 1436 rei
1604 1384 1688 1437 rirtns

903 1472 1026 1535 accessit.
1039 1472 1090 1526 hoc
1110 1472 1201 1540 ntique
1219 1474 1337 1540 requiro,
1353 1482 1438 1525 ntrum
1450 1487 1494 1526 res
1508 1488 1568 1542 que
1579 1475 1687 1542 antiqua

902 1572 954 1623 est.
970 1563 1076 1616 simula
1091 1571 1116 1616 te
1132 1577 1191 1615 cum
1207 1563 1321 1616 storninis
1334 1563 1449 1616 tvovitatc
1464 1562 1615 1617 domaretur.

940 1661 1017 1715 Arius
1031 1661 1118 1715 dixit:
1133 1662 1185 1715 lies
1204 1662 1321 1730 loqueris
1336 1672 1477 1723 tortttnsas,
1495 1671 1522 1716 et
1536 1666 1607 1715 orttrti
1621 1664 1687 1717 stul·

63 1744 130 1791 ‘fem
141 1735 377 1802 ⁰¹⁰¹¹ill⁰²⁶¹²¹²¹¹¹·
396 1731 673 1787 ⁰¹¹¹”5'1mi'555b5s'um
692 1741 719 1785 ⁰¹
734 1730 801 1784 imis
813 1732 852 1782 Μ·
867 1730 890 1790 Β
904 1756 968 1808 tiriae
985 1754 1114 1807 miraculo
1135 1753 1238 1822 dignas,
1260 1753 1286 1808 st
1311 1757 1382 1808 euim
1410 1753 1567 1807 lrornousinn
1586 1769 1686 1808 nattum

64 1829 123 1882 liam
138 1826 283 1881 [actorem.
300 1825 333 1878 lit
343 1824 369 1879 in
380 1841 461 1880 unum
475 1826 617 1880 Dominum
629 1836 749 1882 nostrum
760 1825 851 1879 lesum

63 1919 199 1973 christum
217 1916 315 1971 Filium
334 1915 390 1979 hei.
411 1925 502 1970 natum
523 1931 556 1969 ex
578 1916 656 1970 Patre
676 1915 852 1983 unigenitum,

64 2012 112 2066 hoc
130 2016 177 2065 est
195 2008 232 2064 de
243 2007 395 2064 substantia
410 2007 515 2063 Putris:
533 2006 615 2062 heum
631 2021 662 2062 ev
674 2006 747 2071 Deo,
763 2005 852 2060 lumen

63 2116 94 2156 aa
116 2101 234 2165 lorraine,
254 2099 337 2154 Deum
357 2114 450 2154 rerum
472 2098 506 2155 de
522 2099 577 2153 lieo
595 2113 677 2164 vero,
693 2108 782 2152 natum
800 2112 853 2151 non

65 2191 182 2246 laetum:
209 2190 289 2245 unius
304 2189 461 2244 substantiae
480 2203 539 2243 cum
560 2187 639 2242 Patre
658 2189 740 2258 (quud
762 2187 852 2242 Greci

64 2284 156 2338 dieunt
172 2280 344 2348 homousion)
358 2297 365 2334 ι
380 2294 517 2350 perquem
532 2277 599 2332 lucta
611 2290 673 2331 surrt
683 2278 783 2344 omitia,
797 2279 854 2333 sive

64 2392 121 2447 quar
132 2376 161 2429 in
174 2373 256 2438 caelo,
272 2371 329 2427 sire
343 2386 402 2440 quc
413 2370 440 2425 in
453 2380 534 2425 terra.
550 2370 601 2436 Qui
614 2377 724 2438 propter
735 2376 853 2422 nostram

64 2470 178 2524 salutern
198 2465 350 2529 descendit,
368 2473 396 2518 et
412 2464 563 2519 incarnatus
587 2471 637 2525 est,
661 2461 742 2515 bomo
768 2461 855 2514 luctus

66 2568 115 2623 est.
127 2573 226 2627 passus
239 2565 291 2621 cst,
304 2557 455 2611 resurrexit
465 2555 543 2610 tertia
553 2553 609 2619 die,
621 2555 647 2608 in
661 2553 745 2608 voelos
759 2568 853 2607 ascen·
920 2599 926 2610 .

65 2651 115 2713 dit,
133 2658 263 2704 retitums
277 2656 319 2702 cst
339 2646 463 2716 judicare
485 2645 558 2700 viros
583 2656 610 2701 et
630 2654 761 2699 mortuos.
779 2643 812 2699 Et
828 2645 853 2698 in

66 2741 193 2811 Spiritum
221 2748 354 2795 sanctum.
380 2737 432 2792 Eos
458 2745 547 2792 autem
575 2734 620 2805 qui
647 2734 759 2789 dicrmt:
790 2734 855 2788 Erat

65 2833 169 2904 qnando
182 2845 237 2885 noo
251 2839 319 2895 erat,
338 2839 365 2884 ιι
378 2839 520 2899 antequam
541 2834 697 2882 nasceretur
717 2840 769 2880 non
783 2833 852 2891 crat,

65 2927 170 2994 stqnod
183 2923 220 2978 de
233 2937 287 2977 aon
301 2920 355 2992 93
374 2920 550 2984 exstantibus,
564 2918 605 2972 vel
620 2933 652 2973 ev
666 2918 718 2972 alia
731 2918 855 2973 snbstan-

67 3015 97 3068 tia
110 3022 159 3068 aut
171 3014 310 3079 essentia,
327 3012 446 3066 dicentes
465 3008 619 3065 mutabilem
632 3018 678 3062 aut
691 3008 855 3064 convertibi-

903 1860 1000 1899 nomen
1015 1853 1066 1911 ost,
1084 1859 1137 1898 non
1153 1843 1207 1898 dnlt
1220 1860 1263 1899 rrtn
1278 1845 1341 1912 quin
1360 1853 1387 1898 et
1401 1859 1443 1898 res
1461 1857 1531 1897 nova
1551 1844 1595 1909 sit,
1608 1857 1686 1912 quam

902 1934 1054 2003 siqvvillcare
1068 1934 1182 1988 videtur.

937 2035 1094 2089 Athanasius
1116 2035 1204 2089 dicit:
1232 2034 1303 2104 Ergo
1327 2034 1430 2104 pariter
1452 2048 1509 2088 rem
1537 2048 1687 2102 nomenque

903 2126 1087 2181 condemnas?

941 2227 1016 2280 Arius
1030 2226 1114 2279 disis:
1129 2225 1164 2280 lta
1182 2226 1269 2295 plane.

940 2325 1094 2381 Athanasius
1123 2328 1206 2382 dicit:
1222 2327 1303 2398 igitur
1318 2328 1340 2383 si
1355 2329 1572 2387 demonstravero
1589 2333 1625 2387 rei
1640 2348 1688 2388 an·

905 2416 983 2487 tiquse
996 2427 1023 2473 et
1037 2420 1071 2471 ab
1082 2420 1211 2488 apostolis
1227 2421 1329 2475 radim
1346 2437 1442 2475 novum
1460 2438 1555 2477 nomen
1578 2424 1688 2478 attribu-

907 2518 962 2561 tum
984 2508 1075 2576 luisse,
1093 2509 1191 2563 rictum
1216 2521 1241 2564 te
1261 2511 1366 2566 tartdem
1388 2511 1536 2568 fateberis?
1551 2518 1590 2568 Au
1609 2515 1688 2570 etiam

904 2613 943 2652 stc
957 2615 1014 2654 rem
1035 2603 1169 2670 antiquam
1184 2601 1262 2657 simul
1277 2617 1337 2657 cum
1364 2605 1478 2659 nominis
1493 2607 1612 2660 novitate
1625 2620 1689 2660 curt·

905 2688 1036 2744 demnas?

940 2782 1017 2834 Arius
1031 2782 1115 2835 dicit:
1132 2782 1187 2836 lloc
1203 2797 1255 2837 non
1271 2783 1406 2836 ostertvlcs.

942 2879 1043 2934 Probus
1058 2881 1142 2951 judea
1155 2882 1240 2936 dicit:
1256 2882 1288 2936 Et
1302 2899 1362 2951 qnos
1376 2885 1443 2937 ratio
1457 2898 1544 2939 causae
1557 2883 1689 2955 flagitabat

905 2983 934 3029 ut
953 2988 997 3029 res
1017 2975 1125 3044 antiqua
1150 2989 1248 3028 trorum
1268 2976 1401 3044 acciperet
1418 2978 1537 3032 numeni
1557 2977 1689 3047 Numquid

65 3106 113 3161 hm
127 3105 225 3171 Deum.
239 3104 289 3160 hos
302 3102 509 3159 mmmm
521 3100 651 3156 catholica
665 3111 693 3156 et
706 3085 888 3170 apostolicae
905 3066 975 3119 enim
988 3064 1140 3135 priusquam
1152 3064 1231 3135 najus
1241 3067 1357 3120 nominis
1369 3067 1526 3122 vocabulum
1539 3069 1688 3137 sortiretur,

66 3195 197 3251 Ecdcsia.

96 3286 131 3342 Χ.
150 3286 230 3340 Arias
247 3285 333 3340 dicit:
352 3285 492 3350 Persidos,
511 3285 629 3340 uirorum
642 3284 850 3354 optimsProbe‚

64 3379 139 3434 istius
152 3378 262 3434 decreta
277 3375 395 3439 connlii,
418 3376 444 3431 in
463 3374 675 3444 suggillationem
695 3373 851 3443 apostolivse

60 3468 133 3535 diei,
149 3481 218 3524 ausu
236 3468 390 3523 temeritato
410 3467 493 3521 luisse
513 3467 677 3534 eoruscripta.
698 3465 766 3535 Quid
780 3465 851 3520 enim

60 3572 128 3627 epm
139 3567 199 3613 erat
210 3572 309 3613 uorum
321 3556 371 3611 hoc
386 3554 544 3610 homousion
559 3555 715 3611 vocabulum
735 3555 852 3620 antiquis

57 3648 219 3716 damaratum
239 3645 339 3717 reqnlis
358 3645 441 3701 inseri
454 3646 466 3701 i
480 3646 612 3714 Numquid
623 3645 694 3700 enirn
718 3645 850 3715 apostoli,

57 3738 102 3792 rel
114 3752 215 3793 eornm
234 3735 374 3805 discipuli,
390 3744 470 3803 atque
484 3748 577 3790 omnes
596 3749 642 3804 per
656 3733 777 3789 ordinem
791 3749 852 3789 suc·

56 3841 186 3883 sessores
200 3828 245 3897 qni
258 3828 384 3898 usquead
398 3824 463 3882 illud
480 3836 584 3896 tempus
594 3825 620 3878 in
631 3824 733 3880 Christi
746 3825 853 3881 conius·

56 3916 138 3971 aione
164 3917 287 3971 niventes
306 3914 465 3971 homousion
488 3914 646 3969 vocabulum
673 3915 850 3985 ignorabam,

904 3156 961 3209 sine
975 3158 1090 3210 nornin'vs
1106 3155 1267 3225 proprietate
1282 3157 1424 3211 manebat?
1439 3159 1494 3213 lloc
1508 3161 1607 3216 nullam
1624 3162 1691 3218 milri

902 3247 1012 3299 rationis
1026 3246 1246 3315 consequentiam
1263 3247 1361 3303 ltuhere
1376 3247 1490 3305 uidetur.

938 3347 1013 3402 Arius
1031 3348 1096 3402 dixit
1107 3364 1117 3402 .·
1130 3346 1246 3418 Optime.

938 3449 1093 3504 Athanasius
1111 3452 1196 3506 dicit:
1218 3451 1413 3509 Ecclestasttme
1428 3468 1536 3526 semper
1555 3459 1636 3512 moris
1649 3469 1692 3513 est

903 3540 1061 3612 disciplinae,
1075 3545 1096 3600 si
1110 3543 1217 3615 quando
1229 3544 1417 3602 hereticorum
1430 3564 1498 3604 nova
1511 3550 1628 3604 doctrina
1645 3567 1691 3604 cx·

902 3634 998 3704 surgit,
1008 3645 1101 3689 contra
1115 3636 1263 3692 insolentes
1278 3639 1454 3706 questionum
1468 3641 1599 3697 novitates
1613 3641 1691 3698 rvbvvs

904 3723 1106 3782 immutabiliter
1116 3727 1343 3795 permanentibus,
1354 3730 1489 3783 nontinmn
1499 3733 1626 3786 voeabula
1641 3732 1691 3785 im·

902 3826 1017 3883 mutare,
1032 3831 1056 3874 et
1070 3819 1264 3889 significantius
1281 3836 1369 3875 rerum
1391 3832 1499 3877 naturas
1519 3825 1668 3892 exprimere
1682 3839 1690 3888 ς

902 3923 962 3977 quc
986 3919 1074 3965 tamea
1101 3898 1273 3965 existentiam
1295 3925 1435 3966 cansarum
1464 3913 1605 3968 virtutihus
1628 3928 1692 3968 corr·

56 4004 210 4074 impietatis
229 4003 399 4072 sacrilegium
422 4004 448 4057 in
465 4003 523 4057 lldei
542 4005 653 4057 vanitate
672 4012 778 4060 secutos
792 4018 852 4061 esse
902 4010 1009 4071 panant,
1028 4010 1126 4071 etqua
1143 4003 1227 4070 magis
1243 4002 1350 4057 easdem
1366 4005 1513 4071 antiquitus
1537 4005 1619 4060 luisse
1642 4005 1691 4059 de·

54 4095 198 4161 dteemns;
212 4112 260 4163 pro
275 4111 309 4151 eo
324 4096 426 4150 scilicet
438 4095 508 4165 qued
524 4094 601 4163 liujus
616 4094 730 4150 nortvinis
743 4095 852 4150 notione
904 4100 1064 4154 monstram,
1074 4106 1125 4146 non
1137 4101 1211 4147 ortus
1220 4094 1362 4148 novitatem
1373 4095 1518 4148 insinuent.
1527 4095 1570 4162 lit,
1582 4105 1609 4149 ut
1620 4096 1690 4166 quod

55 4185 173 4255 privati,
188 4186 247 4239 sine
260 4186 344 4254 ipsius
359 4185 554 4254 predicationis
565 4183 714 4238 assertione
729 4199 853 4253 perrere-
903 4180 964 4236 dico
985 4181 1089 4251 planius
1105 4180 1161 4250 liat,
1180 4192 1240 4235 utor
1263 4183 1394 4249 exemplo.
1413 4183 1441 4238 ln
1460 4185 1517 4252 ipso
1531 4184 1691 4240 Christianae

55 4275 175 4331 suntad
195 4273 356 4330 Christum?
379 4274 407 4331 Si
423 4275 492 4330 enim
508 4290 523 4328 a
538 4274 632 4340 nobis,
647 4283 676 4328 ut
691 4273 733 4329 isti
748 4275 852 4344 penitus
905 4272 1041 4342 religionis
1062 4272 1258 4341 predicationis
1276 4274 1367 4338 initio,
1384 4288 1478 4328 otrvnes
1491 4274 1533 4343 qui
1546 4274 1691 4330 credebant

55 4364 241 4428 mentiantur,
253 4379 324 4418 nota
335 4362 552 4420 introducebatur
564 4371 656 4418 contra
672 4364 851 4432 apostolorum
906 4365 1019 4419 homino
1043 4373 1136 4420 nostro
1154 4365 1218 4421 lesu
1241 4365 1367 4427 Christo.
1396 4382 1449 4419 nnn
1465 4366 1623 4428 Christiani,
1643 4367 1691 4420 sevi

58 4463 165 4510 statuta
183 4453 318 4519 doctrina,
336 4451 362 4507 id
383 4452 473 4520 utique
490 4451 653 4506 cortreniens
673 4460 730 4507 erat
749 4467 823 4507 novar
839 4467 853 4506 a
868 4446 893 4507 D
906 4455 1028 4527 discipuli
1051 4456 1234 4511 tantummodo
1258 4457 1473 4511 nortvinabantnr.
1491 4457 1522 4512 Et
1537 4458 1599 4528 qnia
1614 4461 1690 4515 multi

55 4544 141 4600 nobis
152 4545 262 4614 ingestae
276 4542 405 4597 doctrina
418 4543 533 4612 antiquis
546 4540 728 4612 apostolorum
741 4542 850 4599 obviare
902 4564 1032 4603 novorum
1049 4548 1203 4618 dogmatum
1221 4559 1345 4604 sanctores
1364 4549 1540 4614 essitcrunt,
1561 4548 1692 4605 doctrina

56 4635 204 4699 Μΐῑιιῑῦι
217 4643 245 4690 ⁰¹
260 4633 370 4689 ”Nihili
385 4642 517 4689 lelusllw
532 4634 717 4703 llfaessstibm.
738 4650 790 4688 ¹¹⁰ss
805 4650 851 4689 le·
902 4641 1041 4698 obviantes
1060 4643 1225 4713 apostolica,
1245 4657 1392 4710 omnesque
1407 4650 1554 4698 sectatores
1573 4659 1636 4699 suos
1650 4645 1691 4701 di·

57 4736 190 4783 testatem
209 4728 329 4783 novitate
349 4726 520 4797 perterrere!
541 4723 638 4797 thuid
661 4725 712 4780 hoc
727 4726 790 4780 mhti
805 4740 853 4781 no·

56 4834 126 4876 nco
147 4817 312 4889 sequendum
326 4817 463 4888 imponiti
480 4817 577 4886 thuid
593 4816 683 4873 arcad
700 4815 849 4887 huiusmodi

57 4910 208 4965 novitatem
227 4909 371 4988 uiolentius
386 4908 490 4963 trahit?
512 4908 609 4980 thnid
631 4908 682 4963 lroc
697 4907 850 4978 apostolicos

59 5001 128 5056 'dei
144 4998 317 5071 superadjicit
331 5000 457 5066 veritum,
474 4998 551 5070 cirins
570 5013 619 5054 nec
634 4999 769 5069 propheta
788 5001 849 5069 qni·

59 5092 136 5159 hm,
147 5107 196 5147 nec
210 5091 323 5161 apostoli
337 5093 440 5161 uspiam
456 5091 555 5146 iaciunt
575 5089 757 5146 mentioneml
772 5088 848 5157 erod

61 5182 148 5251 istud,
160 5198 261 5254 queso.
277 5199 375 5239 nomen
393 5191 447 5249 est,
462 5179 521 5238 sine
535 5197 587 5249 qam
597 5180 663 5236 lides
674 5182 774 5251 integra
788 5194 850 5237 esse

64 5292 118 5331 nost
133 5277 227 5346 possit,
241 5277 300 5334 sine
312 5291 366 5347 quo
378 5275 523 5332 Christiani
539 5272 698 5330 Christianae
713 5272 851 5344 religionis

904 4734 1021 4802 scipulos
1035 4735 1220 4790 nominabant:
1236 4750 1284 4788 nec
1299 4745 1355 4789 crat
1367 4734 1418 4789 ulla
1434 4735 1550 4790 nominis
1564 4735 1692 4792 discretio

903 4822 974 4879 later
984 4838 1061 4879 veros
1071 4823 1205 4894 falsosque
1216 4824 1363 4894 discipulos
1371 4839 1379 4888 ;
1387 4839 1448 4878 cum
1459 4827 1515 4879 siue
1523 4825 1568 4895 qui
1581 4827 1691 4892 Christi,

904 4914 961 4969 sire
974 4915 1021 4983 qui
1036 4914 1170 4981 Dosithei,
1189 4915 1246 4969 sive
1263 4913 1377 4983 Cepha,
1401 4915 1458 4970 sire
1477 4915 1615 4984 linenda,
1634 4918 1693 4973 sive

906 5003 982 5061 iudae
995 5003 1149 5074 civiredam,
1166 5007 1223 5060 sire
1241 5008 1322 5058 etiam
1336 5003 1448 5061 sanante
1464 5016 1626 5072 sectatores,
1646 5007 1691 5078 qui

906 5110 935 5153 se
947 5098 1021 5167 quasi
1029 5095 1136 5151 Christo
1149 5096 1260 5152 credere
1268 5096 1428 5164 latabantur,
1437 5099 1691 5169 anodiscpuloruru

906 5187 1015 5242 nomine
1026 5195 1210 5242 censerentur.
1220 5187 1297 5243 'lunc
1306 5189 1420 5258 apostoli
1429 5193 1621 5247 convenientes
1634 5192 1686 5245 An·

906 5279 1045 5350 tiochiam,
1058 5280 1127 5335 sicut
1139 5294 1231 5335 eorum
1243 5280 1327 5351 (avrea
1339 5280 1475 5350 narrante)
1485 5282 1602 5336 indivsnt
1613 5283 1681 5335 Acta

65 5360 223 5425 abdicamur
243 5369 371 5425 bonore?
386 5368 472 5426 Unum
496 5368 568 5424 enim
591 5383 607 5423 e
629 5366 733 5422 duobus
756 5366 784 5421 in
803 5366 853 5422 hac
905 5369 1425 5443 omnesdiscipvrlosnotoffinomina
1438 5371 1462 5424 id
1474 5370 1691 5426 estclrristianos

66 5471 145 5512 erasa
159 5461 235 5531 sequi
250 5473 363 5517 nerem
376 5470 427 5516 est.
442 5458 472 5517 Si
485 5475 548 5515 vera
561 5470 602 5515 est
618 5457 749 5513 bontousii
765 5470 853 5514 asser·
905 5460 1087 5531 appellarunt,
1108 5460 1293 5518 discernentes
1308 5475 1355 5517 eos
1376 5477 1391 5516 a
1415 5459 1549 5516 cavumnoi
1564 5457 1690 5513 falsorum

68 5549 114 5613 aa,
131 5549 196 5606 laisa
207 5552 259 5606 erit
271 5551 454 5623 apostolorum
474 5551 638 5623 pradicatio,
657 5565 717 5621 quc
731 5551 789 5606 sine
803 5551 854 5608 hoc
903 5553 1097 5625 discipulomm
1115 5556 1260 5621 rootbulo;
1277 5562 1307 5610 ut
1324 5563 1351 5611 et
1366 5553 1447 5607 divini
1461 5566 1508 5620 per
1523 5550 1617 5606 lsaiam
1631 5566 1693 5608 ora·

70 5639 175 5697 neruine
189 5642 266 5712 ionga
281 5657 331 5714 per
346 5650 464 5709 tempora
478 5641 576 5698 deruit.
588 5642 616 5701 Si
631 5657 696 5699 roro
706 5643 853 5710 apostolica
906 5643 961 5700 culi
980 5659 1071 5702 termo
1094 5645 1268 5717 impleretur,
1292 5656 1345 5714 quo
1361 5643 1417 5696 alt:
1443 5639 1613 5696 Seroimtirntr
1633 5656 1692 5698 orso
