3774 6120
206 300 257 365 ist

246 421 400 477 isanricus.
416 421 514 492 quue
528 422 675 479 voluntate.

246 511 398 583 Responsio.
416 512 487 583 Ergo
501 514 559 583 ipse
573 521 615 569 εει
629 522 657 569 ει
671 512 795 568 solanus
809 528 817 567 :
832 520 915 568 otest
928 527 1003 568 com·

208 603 464 677 positussecundum
473 605 709 676 interrogationem
721 614 804 673 tuam,
814 619 867 660 nott
875 606 999 675 simplex.

245 695 397 750 iioeretieus.
422 694 475 751 Sed
490 695 563 750 beas
578 695 604 750 in
619 695 771 750 aeternitate
786 709 909 760 manens,
925 695 1001 750 solus

207 799 323 844 aeternas
335 796 386 843 εει.
401 787 497 843 Omnia
511 790 610 844 etenim
625 788 669 859 qui
683 803 791 858 semper
805 797 846 844 cst
861 806 867 840 :
885 788 932 844 sed
946 802 999 842 uon

206 888 249 935 cst
272 879 362 934 omnia
386 880 479 946 muita,
505 880 552 936 scd
575 894 658 936 unttm
673 895 705 938 ac
718 880 832 952 simplex
856 880 907 937 buc
928 880 1000 950 qrtod

206 986 314 1040 semper
331 973 402 1029 beas
414 984 466 1030 est.

246 1061 398 1133 Responsio.
424 1064 458 1119 iit
472 1063 532 1120 ideo
546 1063 712 1135 impossibile
726 1075 767 1121 est
781 1066 900 1135 separari
917 1080 999 1120 antam

207 1152 242 1207 ab
254 1168 323 1219 uno,
340 1154 423 1210 idest
443 1155 539 1211 Filium
560 1171 576 1211 a
598 1157 693 1224 Patre,
710 1157 752 1212 rei
766 1157 872 1212 Patrem
887 1172 902 1211 a
919 1155 998 1210 titia.

872 302 982 362 victtit
1002 303 1190 361 ttusatism

1013 424 1041 483 A
1053 419 1305 486 indeterminabilis,
1327 420 1496 493 simplexque
1509 429 1616 495 natura.
1631 421 1711 491 Quod
1730 437 1796 494 ergo
1809 425 1852 480 itt·

1797 305 1851 364 its

1053 512 1220 581 compositus
1240 512 1409 585 simplexque
1422 523 1525 580 maaet,
1540 514 1621 569 nuliis
1637 513 1743 583 legibus
1757 515 1850 572 deter-

1053 601 1151 656 minari
1165 610 1263 673 potest.
1279 601 1334 658 Sed
1346 604 1480 673 responde
1492 603 1557 659 milti
1568 604 1745 674 interroganti
1760 612 1863 662 utrum'

1051 698 1094 745 est
1108 690 1190 755 licus.
1207 706 1286 761 quem
1302 691 1362 747 siste
1374 692 1451 748 initio
1458 702 1485 748 ει
1497 695 1551 748 line
1564 708 1674 764 semper
1684 695 1769 751 luisse
1780 711 1851 754 com·

1053 795 1209 846 memoras,
1226 782 1261 837 ita
1289 782 1551 841 indeterminabilis?
1573 787 1675 843 Statuis
1697 787 1799 858 qnippe
1821 798 1851 845 ut

1054 873 1118 930 nitit
1135 875 1159 930 ei
1176 890 1228 930 uon
1242 876 1329 931 solum
1349 877 1497 933 secundum
1511 888 1644 946 naturam,
1661 879 1709 936 sed
1735 896 1789 938 nec
1804 896 1849 938 se·

1051 966 1171 1022 cundum
1184 967 1316 1022 actionem
1331 977 1434 1023 naturae
1445 969 1575 1024 accedere
1590 967 1692 1040 possit:
1707 970 1743 1026 ita
1759 979 1849 1030 utnec

1052 1059 1174 1115 nssvellus
1189 1058 1280 1126 Pater,
1291 1060 1339 1116 sed
1351 1075 1401 1116 nec
1412 1061 1552 1117 initiabilis
1563 1063 1669 1133 genitor
1682 1064 1848 1133 declaretur,

1051 1160 1080 1204 ut
1095 1164 1159 1204 scre
1174 1150 1431 1218 indeterminabilis,
1444 1161 1472 1209 et
1486 1167 1538 1208 non
1555 1154 1700 1223 proiciens
1715 1158 1844 1225 cognosci

207 1243 319 1314 Propter
335 1248 501 1304 identitatem
516 1248 624 1304 deitatis
635 1248 704 1317 dico,
721 1247 777 1318 Epo
787 1256 811 1304 et
826 1248 906 1305 Pater
919 1264 1000 1302 attans
1052 1241 1147 1311 possit.
1165 1241 1291 1322 Proficies
1306 1243 1398 1312 atique
1410 1243 1432 1296 si
1444 1242 1478 1297 ad
1491 1244 1624 1299 actionem
1636 1245 1750 1303 novellae
1764 1261 1849 1319 gene,-

207 1354 295 1391 samus
309 1353 318 1393 .·
330 1339 393 1393 dum
407 1354 457 1410 ego
471 1348 498 1395 et
510 1337 589 1394 Pater
602 1354 654 1393 non
674 1340 811 1396 solitarius
832 1340 999 1411 intelligitur,
1052 1334 1164 1388 talionis
1180 1333 1326 1402 procedere
1342 1332 1461 1400 festinat,
1474 1350 1530 1405 quo
1548 1336 1637 1390 minas
1649 1352 1683 1392 ex
1700 1336 1752 1392 bac
1766 1338 1848 1411 275

207 1444 294 1500 neque
304 1431 374 1501 qaod
388 1448 468 1487 uttam
480 1447 584 1497 sitinus,
596 1431 733 1488 diversam
744 1433 869 1487 sentitur.
883 1433 1000 1488 Dicimus
1051 1438 1216 1494 0⁰i¹¹⁰⁸cere
1226 1423 1324 1491 iiiiii·
1341 1423 1485 1492 a”iuditio
1498 1423 1700 1482 icintll‘titem
1714 1426 1848 1486 laturam.

207 1537 271 1592 ergo
285 1520 423 1592 paternam
447 1523 574 1579 deitatem
587 1540 736 1595 ,nunquam
751 1526 866 1581 alienam
886 1525 999 1580 luisses
1051 1517 1134 1575 Nobis
1150 1533 1217 1573 uero
1231 1516 1347 1573 suiticiat
1359 1517 1382 1572 is
1395 1518 1439 1586 qui
1453 1516 1481 1571 iu
1496 1518 1626 1588 principio
1649 1527 1720 1586 erat,
1736 1529 1766 1575 ει
1778 1519 1848 1590 apud

209 1615 318 1684 propria
333 1615 517 1685 generatione.
541 1614 574 1669 Et
589 1615 650 1671 ideo
673 1615 752 1671 nobis
778 1628 887 1685 paterna
913 1615 1000 1669 deitas
1052 1625 1134 1680 quem
1148 1616 1217 1675 erat,
1232 1607 1359 1677 quoniam
1377 1606 1449 1662 Deus
1464 1607 1534 1677 apud
1548 1608 1633 1663 Deam
1648 1619 1717 1664 erat.
1733 1609 1849 1679 Quodsi

211 1720 259 1772 pro
273 1713 392 1776 tempore
407 1695 514 1776 quidem
530 1706 706 1774 intelligibilis
722 1704 848 1771 edicitur,
864 1707 922 1775 ipsa
935 1720 999 1761 sero
1054 1718 1107 1757 non
1120 1710 1215 1757 natura
1232 1698 1325 1765 Filius,
1342 1713 1393 1754 nec
1407 1708 1482 1755 recte
1497 1699 1574 1755 Pater
1592 1710 1620 1756 et
1634 1695 1716 1757 Filius
1732 1716 1850 1770 pronun·

210 1812 259 1851 uec
271 1798 562 1869 temporinecaovitati
573 1797 734 1868 subjacebit;
747 1790 781 1853 tie
795 1797 892 1863 inanis,
904 1796 999 1851 reisu-
1015 1794 1039 1855 B
1053 1793 1147 1858 tinam,
1164 1791 1225 1861 auia
1253 1804 1304 1845 nec
1329 1791 1449 1861 genitur,
1477 1805 1527 1846 uec
1551 1794 1657 1860 genitus
1684 1792 1848 1847 insinuatur.

208 1889 373 1956 perdamnat
383 1900 456 1945 certe
467 1887 609 1958 proiciens
621 1897 730 1958 paterna
739 1888 826 1943 deitas
836 1889 998 1957 reperiatur.
1053 1885 1129 1951 Quod
1152 1884 1175 1938 si
1191 1881 1330 1954 plenitudo
1343 1881 1493 1937 diuinitatis
1519 1881 1667 1937 secandam
1684 1881 1798 1937 Paulum
1821 1882 1848 1937 itt

209 1977 999 2048 Liberaetenimabomuiquaiitate,abomuiquantitate,ab
1051 1976 1122 2033 Filio
1137 1973 1261 2040 babetur,
1277 1987 1327 2029 cttr
1351 1973 1422 2028 licus
1438 1971 1612 2042 plenitudinis
1627 1973 1765 2044 negaturi
1780 1974 1848 2030 Etsi

207 2067 410 2137 otttniesordio,
421 2068 532 2123 abomni
540 2069 745 2140 compositione.
753 2068 872 2126 Sedcum
881 2068 999 2139 genitum
1050 2069 1078 2124 in
1090 2084 1124 2125 eu
1137 2083 1234 2124 omues
1257 2065 1376 2123 titesauri
1400 2065 1538 2137 sapientiae
1554 2074 1582 2122 et
1595 2066 1714 2122 seientia
1734 2068 1848 2124 abscon·

207 2161 368 2232 appellatur,
382 2161 450 2216 nihii
462 2161 534 2216 aliud
546 2176 626 2233 qaam
643 2162 749 2217 Patrem
764 2160 899 2217 etlilium
914 2159 999 2233 sigui·
1051 2161 1101 2219 diti
1118 2162 1260 2227 habentur,
1284 2175 1333 2216 cur
1345 2160 1417 2215 Deus
1432 2160 1540 2229 ignaras
1553 2160 1763 2230 pronuntiaturi
1778 2160 1848 2218 Etsi

207 2256 288 2309 iicare
301 2264 477 2310 monstratur.
492 2254 563 2311 Nibii
577 2255 649 2310 euim
665 2263 719 2310 tam
731 2255 842 2325 impium
858 2271 938 2327 quam
952 2255 1000 2312 ilci
1051 2252 1171 2310 Verbum
1185 2253 1211 2307 in
1226 2251 1367 2322 principio,
1389 2260 1415 2306 et
1430 2249 1500 2320 apud
1521 2249 1604 2305 Deum
1629 2250 1700 2306 Deus
1716 2250 1846 2316 babetur,

203 2337 303 2400 'Filium
316 2346 464 2415 appellare.
479 2354 507 2402 et
522 2346 606 2402 ileum
617 2361 710 2402 rerum
724 2360 822 2417 negare
835 2363 842 2400 ι
857 2361 937 2418 quam
950 2347 1001 2403 Pa·
1056 2360 1106 2400 cnr
1118 2344 1190 2399 bebs
1203 2343 1331 2398 naturali¹
1347 2356 1400 2396 non
1415 2341 1551 2397 credituri
1564 2342 1641 2397 bbsit
1655 2350 1745 2397 autem
1762 2357 1777 2396 a
1797 2341 1847 2399 iids

206 2446 274 2492 trem
298 2437 390 2507 iuuari,
415 2448 443 2492 ει
467 2438 526 2494 sinc
549 2438 723 2508 generatione
736 2438 852 2508 ¹Patrem
864 2438 998 2495 conditori.
1050 2437 1210 2508 apostoliea,
1223 2446 1252 2491 at
1266 2436 1292 2491 in
1306 2433 1367 2491 titii
1382 2435 1558 2504 generatione
1568 2444 1615 2488 aut
1634 2445 1767 2505 nugentur
1780 2435 1845 2491 disi·

206 2530 388 2596 Quodcunque
400 2529 501 2586 etenim
513 2543 566 2584 nott
581 2528 756 2584 itaexstiterit
766 2527 872 2584 uilicus
882 2529 1001 2585 existere
1052 2533 1136 2587 nitate
1150 2530 1220 2599 quod
1232 2528 1311 2584 Pater
1321 2538 1375 2593 est,
1390 2537 1436 2583 aut
1448 2527 1584 2583 minuatur
1595 2543 1629 2584 ue
1641 2518 1721 2583 Pater
1734 2527 1779 2582 sit.
1794 2527 1845 2584 Sed

206 2621 296 2686 debeb
322 2622 393 2676 Deus
416 2620 655 2694 credimini
672 2620 763 2676 debet.
788 2621 844 2690 Ego
867 2638 926 2676 satu
951 2620 998 2693 qui
1052 2639 1101 2681 nco
1127 2634 1206 2678 natas
1221 2622 1423 2691 protectionem
1448 2617 1574 2684 sustinet,
1587 2618 1635 2673 sed
1650 2633 1701 2673 uec
1713 2632 1845 2687 gesseratis

206 2725 285 2765 sitm:
302 2713 349 2767 sed
366 2726 418 2766 nott
434 2727 493 2767 sam
506 2721 640 2767 mutatus:
658 2720 686 2767 ει
704 2709 765 2767 ideo
785 2710 858 2780 guod
879 2708 1000 2765 ditinum
1051 2713 1267 2771 diminutionem.
1695 2705 1705 2781 ζ

206 2812 247 2856 εει
262 2801 396 2857 immutari
412 2816 464 2857 non
479 2811 584 2872 potest;
604 2816 639 2857 ne
662 2816 716 2857 nott
742 2801 778 2857 sit
796 2800 869 2872 quod
893 2815 1001 2868 semper
1087 2808 1242 2864 κωπήρης,
1252 2805 1391 2875 Quomodo
1406 2805 1479 2860 enim
1494 2802 1663 2860 nativitatem
1676 2799 1845 2868 sempiterni·
1881 2875 1884 2879 ⁴

133 2948 141 2959 ,
206 2902 257 2946 εει.
275 2892 434 2949 lmtnutatur
448 2901 537 2948 satem
552 2907 567 2947 a
582 2907 629 2947 sua
644 2892 828 2964 simplicitate,
841 2892 863 2947 si
879 2891 1001 2948 novellus
1052 2901 1100 2955 tati
1122 2897 1278 2970 eonjssngis,
1292 2896 1354 2952 dattt
1371 2895 1497 2952 nativitas
1512 2891 1645 2966 posterior
1664 2892 1701 2946 sit
1713 2904 1730 2946 a
1744 2890 1844 2961 sempe.

209 2983 290 3041 Pater
301 2994 361 3049 est:
377 2987 399 3041 si
413 2985 448 3040 ab
461 2987 611 3040 eternitate
621 2998 682 3040 cum
699 2984 757 3054 ipso
778 2993 838 3050 est,
855 2993 883 3039 ει
897 2983 997 3054 inipso
1052 2991 1199 3048 minitaret

208 3073 292 3130 Filius
305 3091 358 3130 non
371 3084 431 3130 est:
447 3085 475 3129 et
496 3085 538 3130 est
553 3075 700 3139 mutabilis,
719 3074 742 3128 si
758 3088 811 3129 uon
826 3085 939 3142 natura,
952 3073 1000 3143 sed
1088 3084 1253 3140 Ammius,
1281 3081 1385 3137 neven
1400 3080 1474 3151 quast
1496 3077 1569 3149 prius
1589 3085 1738 3146 conseptus
1756 3073 1791 3130 αθ
1803 3089 1843 3130 20.

205 3168 353 3233 V⁰¹¹¹¹i¹³ies
370 3139 431 3238 93⁸²
442 3177 563 3222 'iilum‘
579 3166 672 3237 80⁰⁰st
686 3165 795 3220 mum·
1011 3165 1034 3230 C
1050 3179 1141 3246 miae,
1157 3185 1202 3230 aut
1216 3174 1372 3244 coagulatus
1387 3175 1414 3228 iu
1431 3182 1523 3228 uentre
1542 3170 1593 3237 sit,
1616 3184 1677 3224 eum
1704 3148 1843 3238 Scriptura

242 3256 395 3312 iinretieus.
411 3257 465 3313 Sed
481 3257 568 3313 solum
588 3256 738 3327 sapientem
756 3263 784 3310 ει
796 3264 933 3326 putentem
948 3257 998 3311 Pa·
1048 3269 1138 3325 gtpagg
1154 3266 1348 3323 flammam„
1360 3275 1446 3320 panem
1472 3267 1528 3336 ejas
1550 3264 1607 3334 qais
1620 3261 1751 3318 manabis
1774 3262 1842 3332 (Aet.

206 3360 275 3404 trem
288 3349 362 3405 credi
376 3350 485 3405 debere·
1050 3375 1114 3424 rut,
1131 3359 1193 3429 iiii
1206 3357 1279 3412 Nasn'
1296 3365 1323 3410 et
1342 3355 1481 3425 gestaranti
1496 3355 1655 3410 calumniam
1673 3350 1756 3419 iacis,
1769 3353 1843 3423 quasi

240 3444 396 3514 flebimus&
409 3441 437 3499 Si
452 3455 513 3497 ⁰⁰¹⁰
534 3448 563 3497 0¹
575 3439 671 3496 Filium
685 3437 764 3494 ‘5⁰¹⁰'
784 3454 844 3494 ⁰¹¹¹¹¹
859 3439 938 3495 pilii}
952 3455 998 3493 ii·
1048 3452 1073 3507 ei
1094 3451 1239 3505 arcesserit
1258 3458 1285 3502 ut
1296 3455 1446 3517 generaret.
1464 3446 1541 3514 Qtttttl
1554 3446 1575 3499 si
1591 3444 1706 3499 accessit
1720 3442 1756 3498 illi
1774 3444 1843 3512 auttd

204 3536 320 3601 iteratis,
336 3533 408 3588 Pallii
418 3516 539 3589 deiraltis
551 3534 596 3604 qui
611 3532 691 3588 simul
706 3548 767 3589 cliiii
782 3532 841 3602 ipso
854 3533 943 3586 ntiutts
953 3549 997 3586 Sa·
1047 3552 1109 3595 apte
1124 3556 1176 3594 non
1193 3538 1295 3605 habuit·
1314 3539 1486 3608 imperfectus
1510 3536 1663 3590 invenitur:
1681 3533 1706 3589 gi
1722 3549 1775 3589 non
1800 3549 1842 3592 gc.

205 3628 320 3697 pietatem
346 3626 496 3683 veneraris.
510 3625 561 3694 Qui
583 3625 607 3681 si
631 3625 712 3695 igitur
735 3627 823 3681 mittas
847 3625 996 3694 sapientem
1048 3631 1143 3696 cessit,
1159 3628 1339 3698 sempiternus
1362 3643 1423 3683 cam
1439 3627 1605 3696 sempiterno
1621 3624 1647 3678 in
1671 3625 1842 3695 sempiterni-

207 3721 341 3791 deeernis‚
357 3721 448 3790 utique
466 3734 515 3774 nec
530 3719 625 3783 beuta,
641 3734 691 3774 uec
704 3718 801 3774 titium
812 3718 858 3773 liei
873 3731 997 3773 asserere
1048 3731 1103 3775 tate
1116 3720 1196 3775 tuisse
1210 3718 1354 3789 reperitur.
1369 3718 1408 3773 De
1419 3716 1634 3786 sempiternitate
1646 3713 1707 3770 Filii
1721 3714 1784 3769 auiti
1797 3731 1843 3784 per

204 3812 297 3867 debes.
313 3811 388 3878 Quod
407 3811 429 3866 si
444 3810 523 3880 plene
535 3809 684 3879 sapientem
697 3811 807 3877 asseris,
822 3816 895 3865 recte
912 3809 995 3865 iteam
1048 3808 1130 3865 llarid
1151 3808 1247 3864 Piliam
1262 3807 1296 3863 ad
1317 3808 1422 3863 Patrem
1446 3808 1528 3863 uerba
1552 3807 1695 3862 facientem
1713 3823 1720 3861 :
1743 3804 1778 3860 Et
1796 3821 1842 3878 ego

203 3903 245 3959 sei
259 3903 355 3959 titium
369 3903 475 3960 tennis.
1046 3917 1145 3973 semper
1159 3912 1242 3955 tecam
1253 3916 1263 3957 .·
1276 3902 1378 3957 tenuisti
1397 3918 1503 3954 marsuas
1517 3917 1600 3956 nteatu
1619 3902 1762 3968 desinam,
1778 3910 1801 3956 et
1815 3901 1842 3955 in

240 3993 392 4050 lieretictss.
411 3995 463 4051 Sed
479 3994 603 4051 Filiuma
619 3993 698 4050 Patre
711 3994 808 4050 mutari
824 3993 994 4051 manifestum
1046 3984 1176 4050 uoluntate
1191 4004 1236 4048 tua
1249 3995 1388 4061 deduxisti,
1409 4006 1433 4049 et
1454 4011 1511 4048 cum
1531 3995 1613 4065 pluria
1627 3995 1790 4065 assumpsisti
1803 4009 1843 4049 ιιιι

203 4096 254 4152 est,
271 4086 377 4143 Patrem
391 4102 456 4144 vero
469 4101 483 4140 a
498 4086 570 4141 Filio
585 4088 681 4141 mutari
696 4101 750 4142 uon
766 4100 856 4158 posse.
1047 4085 1133 4158 (Psal.
1149 4101 1230 4150 txxtt,
1244 4084 1302 4156 ιδ).
1319 4084 1384 4141 Ιιειη
1410 4086 1491 4141 liauid
1506 4101 1514 4139 :
1530 4085 1625 4139 Tecum
1641 4085 1798 4155 principiam
1810 4085 1839 4139 iss

239 4178 390 4250 desponsio.
415 4179 444 4233 Si
460 4178 497 4232 ita
511 4188 569 4245 cst,
584 4193 678 4250 quaero
692 4188 781 4234 utrum
801 4179 880 4235 Pater
895 4179 1014 4249 imper·.
1046 4183 1088 4236 aie
1103 4181 1204 4235 uirtutis
1214 4165 1285 4246 tau,
1299 4179 1326 4233 its
1347 4177 1525 4248 splendoribus
1546 4188 1708 4244 sanctorum,
1723 4191 1756 4231 ea
1770 4186 1842 4233 utero

203 4270 302 4325 lectum
317 4269 413 4326 Filium
428 4270 563 4340 genuerit,
575 4281 783 4340 suspectamque
795 4271 938 4336 dimiserit,
951 4269 995 4325 cai
1046 4285 1103 4331 ante
1120 4273 1257 4344 luciferum
1271 4273 1347 4344 gestui
1360 4284 1383 4327 te
1399 4253 1486 4344 (Psoi.
1500 4287 1554 4338 mx,
1568 4271 1605 4336 i).

202 4360 331 4430 deinceps
353 4375 405 4416 non
429 4369 482 4415 tom
506 4359 635 4430 genitoris
650 4361 756 4430 cilicio,
779 4376 858 4429 auam
875 4360 996 4432 magistri
1083 4365 1235 4429 Henetiam.
1251 4364 1364 4434 ingeniti
1389 4377 1488 4419 nomeu
1502 4362 1615 4429 ,Patris
1629 4368 1658 4416 ει
1679 4358 1741 4414 Filii
1757 4360 1842 4431 geniti

208 4451 322 4521 irnperio
347 4451 497 4505 rudimenta
513 4451 653 4520 sapientie
667 4453 806 4521 impertire
828 4452 993 4523 dignaretur.
1046 4457 1176 4528 appellas.
1191 4457 1261 4523 Quid
1276 4457 1311 4511 de
1321 4456 1419 4525 Spiritu
1436 4454 1671 4521 sanctodioturus,
1687 4454 1731 4524 qui
1748 4454 1843 4522 asiana

204 4539 332 4607 detergo
354 4540 396 4593 rel
413 4540 484 4609 quod
501 4539 571 4595 lieus
589 4539 668 4595 Pater
684 4543 800 4610 perlecta
814 4544 921 4613 sapiens
944 4543 994 4613 do·
1009 4539 1072 4604 Diu
1089 4550 1169 4605 tertio
1183 4548 1270 4619 gradu
1287 4548 1410 4617 ponitur,
1428 4547 1454 4601 iu
1471 4544 1617 4615 Scripturis
1640 4545 1759 4614 genitum
1778 4560 1841 4600 cam

139 4653 145 4667 ·
204 4642 266 4682 cere
279 4629 394 4696 debcat;
406 4639 487 4687 estet
508 4631 579 4702 guod
600 4633 671 4687 licus
685 4632 769 4688 Filius
783 4633 940 4703 imperiecte
952 4650 995 4701 sa,-
1045 4640 1202 4706 condieris,
1218 4649 1264 4694 aut
1280 4639 1426 4709 ingenitam
1450 4633 1592 4709 appellasl
1605 4636 1634 4693 Si
1648 4638 1770 4705 genitus,
1784 4637 1842 4706 jam

204 4721 281 4791 piens
295 4721 399 4777 discere
416 4727 520 4794 possit,
538 4734 565 4781 et
579 4726 714 4796 quomodo
736 4729 825 4782 omnia
840 4743 901 4799 quaa
916 4729 996 4785 Pater
1046 4752 1099 4792 non
1114 4748 1156 4791 est
1171 4735 1322 4802 unigenitus
1344 4734 1438 4800 Filius,
1453 4749 1486 4789 eo
1497 4732 1567 4805 qtsod
1587 4733 1623 4789 sit
1636 4738 1663 4787 et
1676 4730 1748 4785 alter
1762 4735 1844 4785 nattis

202 4810 284 4868 ''²¹¹“
297 4811 359 4868 filil
372 4823 444 4882 sarit,
460 4816 484 4870 Si
503 4831 556 4870 ⁰⁰¹¹
570 4816 691 4888 perlecto
705 4816 786 4888 Sibil.
800 4817 840 4874 tei
855 4817 935 4886 piene
947 4834 994 4890 po-
1046 4828 1079 4882 de
1094 4827 1185 4881 Patre.
1200 4826 1228 4880 Si
1245 4805 1356 4880 nonest
1373 4835 1462 4889 natus,
1474 4833 1516 4880 est
1530 4825 1623 4894 utique
1637 4829 1665 4877 ει
1677 4821 1746 4876 aiter
1767 4816 1843 4890 iugc-

203 4905 275 4961 testi
288 4906 429 4973 Quomodo
445 4908 471 4962 itt
486 4908 556 4965 Filio
568 4926 662 4966 omnes
677 4909 795 4966 thesauri
815 4912 955 4979 sapientia
968 4921 995 4968 ei
1047 4919 1135 4984 nitus,
1149 4915 1244 4986 etjam
1269 4931 1322 4971 non
1339 4928 1381 4973 est
1396 4931 1465 4972 unas
1482 4916 1552 4971 licus
1567 4916 1692 4971 Patarea
1715 4927 1770 4982 auo
1782 4927 1844 4967 otn-

203 4999 324 5054 scientiae
338 4998 728 5069 deprelsenduuturitcilleas
743 5005 927 5074 superomnia
943 5021 993 5060 no·
1045 5011 1106 5073 nia,
1121 5010 1168 5064 sed
1189 5007 1242 5064 dno
1258 5017 1321 5062 stitit
1336 5017 1435 5075 iratres.
1462 5008 1538 5075 Quod
1557 5008 1579 5062 si
1595 5021 1681 5078 neque
1706 5015 1785 5058 uatus
1806 5005 1843 5061 de

202 5090 342 5146 minimi?
1046 5098 1125 5154 l‘atre
1138 5109 1178 5153 εει
1202 5097 1336 5169 Spiritus,
1352 5114 1438 5170 neque
1459 5081 1511 5154 nott
1531 5100 1653 5169 genitus,
1671 5109 1844 5168 supersistat

239 5180 392 5236 liareticus.
406 5179 459 5236 Sed
481 5181 568 5236 solum
584 5183 668 5240 Datim
692 5187 799 5243 Patrem
819 5186 879 5243 siue
901 5187 992 5253 initio,

200 5275 261 5331 sinu
275 5275 390 5347 origiue,
404 5273 553 5345 simplicem
566 5290 672 5346 qaoque
690 5289 719 5335 et
731 5280 993 5336 indeterminabilem

201 5369 326 5441 cognosci
348 5368 456 5424 debere.
472 5367 663 5438 tiperationem
679 5385 746 5425 tero
767 5372 837 5441 ejus,
855 5373 880 5426 id
893 5379 935 5428 est
948 5370 992 5426 Fi·

201 5462 275 5527 iiam,
288 5476 375 5528 neque
388 5463 447 5517 siue
458 5459 512 5516 iiue
523 5460 635 5531 intelligi
650 5470 790 5532 oportere:
805 5463 921 5519 nrasime
931 5478 991 5518 cam

201 5565 281 5608 orasse
296 5568 364 5622 opus
378 5563 405 5609 et
422 5554 526 5609 initium
541 5554 687 5620 sustineat,
711 5564 738 5609 et
753 5554 805 5608 line
826 5567 919 5610 carere
938 5570 990 5633 uon

204 5645 300 5713 possit.

237 5735 404 5792 itiunnsias.
422 5738 578 5822 docgstiam
594 5754 643 5799 uos
662 5743 821 5802 cassitemur
836 5756 844 5796 ι
861 5748 901 5798 est
915 5742 989 5798 cuim

1045 5199 1167 5247 creatura
1182 5189 1297 5245 ditatur.
1824 5241 1825 5244 ,

1083 5280 1250 5336 Athanasius.
1267 5280 1295 5336 si
1309 5280 1457 5350 scripturis
1481 5281 1586 5336 littmini
1604 5282 1647 5336 xci
1670 5282 1786 5340 llomittu
1801 5284 1842 5339 lo·

1046 5372 1139 5444 quenti
1153 5372 1290 5439 crederes,
1306 5387 1442 5441 nunquam
1456 5382 1605 5428 creatorem
1619 5375 1752 5429 creaturis
1761 5389 1841 5432 eota·

1044 5471 1175 5535 parares,
1199 5478 1260 5520 caut
1282 5463 1401 5535 legeris:
1427 5463 1510 5518 Verbo
1532 5463 1637 5518 domiai
1659 5465 1716 5519 caii
1741 5466 1842 5534 firmati

1044 5567 1120 5620 saut,
1137 5567 1160 5612 et
1175 5555 1276 5627 Spiritu
1291 5559 1342 5610 oris
1367 5559 1423 5624 ep'tts
1436 5558 1519 5611 omnis
1543 5557 1624 5629 276
1646 5557 1728 5611 uirtus
1750 5575 1842 5614 corant

1046 5647 1133 5721 (Psoi.
1149 5663 1235 5715 saxu,
1257 5647 1296 5719 b).
1312 5647 1376 5702 item
1390 5649 1448 5720 ipse
1463 5647 1546 5704 baria
1562 5666 1567 5700 :
1583 5646 1691 5703 Emittes
1706 5647 1841 5721 Spiritssss

1043 5757 1142 5815 eorum,
1163 5740 1353 5815 etpreaiuutur
1367 5740 1455 5814 (Psoi.
1469 5755 1530 5811 citt,
1545 5739 1605 5814 50).
1624 5741 1722 5804 Auditi
1737 5751 1767 5805 ct
1784 5742 1839 5804 Pa·
