3816 6112
92 237 147 296 637
699 240 919 301 THESAURUS.
939 242 1016 300 CAP.
1032 242 1124 301 iiiii.

1680 253 1735 310 nte

90 357 201 427 mlum,
213 359 301 416 scalas
316 373 365 431 per
376 373 444 432 guas
455 358 675 417 ascendebantet
687 357 891 417 descendebant
903 365 930 423 Α
944 361 1100 430 revertitur,
1117 360 1162 416 obi
1183 375 1231 430 pcr
1252 360 1315 418 titas
1334 361 1533 434 reparationem
1558 373 1645 421 morte
1667 379 1736 422 ecn-

89 453 179 525 rngeli
192 453 253 522 Dei,
266 454 292 510 in
302 455 401 526 quibus
411 453 556 525 signidcati
566 463 629 509 sunt
639 453 811 524 euangelistae
821 468 891 525 prae·

84 546 228 603 dicatores
242 544 355 603 Christi.
364 547 551 603 decendentes
567 546 658 617 utique
672 547 779 603 eumad
792 547 891 602 inteili-

82 635 208 706 gcndam
220 638 279 707 elus
291 637 617 707 supereminentissimam
626 636 795 693 diuinitatem
806 651 890 693 eree-

77 729 324 786 duntunirersaur
333 738 498 797 creaturam,
513 738 544 785 ut
552 745 612 786 eum
624 729 774 801 inveniant,
782 731 809 786 in
820 732 891 800 prin·

75 819 160 891 cipio
176 820 265 876 Deum
279 822 349 891 apud
364 821 458 887 veum,
473 836 522 892 per
536 836 616 893 gustu
629 822 698 878 tacta
711 832 774 878 suut
789 827 889 879 omnia.

69 910 297 968 Descendentcs
306 922 407 980 autern,
417 922 447 968 ut
457 927 519 968 eum
531 913 669 968 ioreniaut
681 915 778 970 lactum
791 929 822 969 ex
833 930 892 968 mtr-

70 1004 167 1071 diere,
181 1004 286 1062 iactum
297 1006 348 1061 sub
361 1007 431 1076 lege,
446 1016 475 1061 ut
487 1009 588 1078 eosqui
599 1010 650 1063 sub
662 1010 719 1078 lege
732 1019 811 1065 erant
821 1009 892 1066 redi·

68 1104 196 1164 meret3
210 1097 238 1152 in
250 1096 298 1151 iiio
309 1097 380 1152 enirn
392 1098 464 1152 scala
474 1112 488 1149 a
499 1086 569 1154 terra
581 1113 665 1170 usquc
674 1100 700 1153 in
713 1099 771 1172 [adi
782 1102 891 1167 caelum,

73 1200 96 1241 a
123 1201 215 1244 errae
230 1185 338 1261 [usgue]
359 1188 394 1244 ad
413 1189 548 1258 spiritum,
572 1192 635 1261 quia
655 1190 681 1245 io
704 1190 750 1246 iilo
771 1195 893 1248 carnales

73 1280 266 1347 prolicienda
289 1279 364 1336 velut
392 1281 564 1338 ascendendo
588 1282 722 1353 spiritales
746 1284 822 1339 durtt.
852 1285 893 1340 ad

60 1386 158 1442 quos
171 1373 244 1428 lacte
256 1372 414 1430 nutriendos
424 1375 504 1429 etiarn
519 1373 569 1443 ipsi
583 1360 718 1444 spiritales
728 1376 894 1432 descendunt
943 1362 970 1416 5¹¹
982 1362 1054 1417 l¹⁰⁸0
1075 1363 1200 1432 baptizati
1214 1374 1278 1420 sunt
1290 1367 1316 1422 itt
1334 1368 1405 1423 nube
1427 1377 1455 1423 tl
1469 1369 1495 1423 lit
1512 1370 1589 1435 mill·
1602 1380 1628 1425 et
1641 1384 1735 1426 olitott

63 1462 296 1532 qarodammodo
310 1477 371 1519 cum
387 1464 427 1520 pig
446 1478 500 1518 110„
525 1475 636 1534 possunt
651 1457 734 1535 toqui,
749 1468 824 1537 quasi
838 1469 893 1535 κρῖ.
943 1455 1066 1510 eatndem
1079 1471 1169 1511 eseam
1180 1458 1329 1528 spiritaiem
1347 1461 1585 1530 manducaremus,
1599 1471 1734 1518 cremares

58 1551 222 1608 ritatibua
237 1553 285 1608 scd
308 1555 385 1623 guasi
408 1553 580 1610 carnalibus:
595 1556 635 1612 sie
653 1562 680 1610 ct
698 1556 852 1612 ascenditur
866 1568 893 1613 et
943 1548 1170 1617 eumdempntum
1184 1549 1332 1618 spiritaiem
1346 1550 1469 1606 biberunt
1485 1571 1492 1604 ²
1507 1553 1633 1608 bibebant
1644 1562 1733 1610 ²tlleltt

55 1641 271 1699 descenditur
285 1658 366 1715 super
377 1644 474 1700 Filium
489 1645 617 1702 bominis.
628 1646 712 1702 Filius
722 1648 793 1703 enim
807 1647 894 1705 titani·
942 1636 976 1692 (¹⁰
991 1637 1101 1706 lilllllll
1117 1630 1248 1708 Sldooolc
1271 1639 1475 1714 [consequente]
1495 1654 1583 1713 petra,
1600 1656 1675 1715 petra
1686 1661 1733 1703 au·

52 1733 122 1790 nis
138 1747 257 1789 sursum
270 1733 391 1804 incapite
406 1742 513 1804 poeno,
527 1736 598 1807 qood
610 1746 654 1792 esi
674 1737 733 1807 ipse
745 1737 885 1806 salvator,
902 1749 926 1809 p
943 1737 996 1783 tem
1008 1740 1065 1784 erat
1077 1731 1210 1788 Christus.
1226 1733 1392 1802 Exponenda
1414 1750 1507 1802 uuum,
1524 1737 1550 1791 iu
1574 1748 1673 1793 caetera
1685 1738 1728 1792 io·

50 1832 104 1880 ει
121 1821 207 1880 filiu.
220 1823 341 1880 hominia
354 1823 482 1881 deorsum
502 1826 530 1882 in
552 1841 667 1897 corpore
685 1841 744 1896 guo,
763 1827 834 1899 quod
847 1837 889 1885 egr
942 1819 1061 1875 traduxit
1075 1821 1251 1878 intellectum.
1267 1823 1295 1880 si
1309 1826 1381 1880 enirn
1397 1834 1471 1896 petra
1486 1824 1610 1882 Citrisins
1623 1839 1733 1897 propter

53 1914 363 1986 metastaipsanet
374 1915 888 1990 eataeiotetttgtnas,qaiarecantata:
941 1911 1110 1980 nrnttaren,
1122 1928 1235 1970 curnon
1249 1923 1277 1970 ct
1289 1930 1386 1970 manna
1403 1915 1536 1984 cortone,
1551 1926 1674 1988 antiano.
1687 1934 1734 1989 nn·

55 2004 140 2070 1:20
152 2019 220 2060 sum
236 2007 291 2061 tia.
300 2004 341 2060 tid
352 2006 439 2077 ipsum
452 2022 516 2078 ergo
527 2008 681 2064 ascenditur
693 2016 721 2063 ut
736 2009 763 2063 itt
776 2007 891 2065 excelsis
942 2002 985 2056 olo
998 2001 1085 2068 illoc.
1101 2004 1145 2074 titll
1159 2003 1194 2060 do
1222 2005 1292 2062 coelo
1314 2007 1471 2063 descendit?
1486 2023 1540 2079 noo
1553 2024 1617 2066 rere
1631 2010 1676 2081 nol
1689 2026 1734 2066 ne·

60 2097 273 2168 intelligatur,
291 2108 318 2154 et
332 2098 365 2154 ad
380 2101 465 2170 ipsum
482 2099 665 2166 descenditur,
680 2108 709 2154 ut
721 2101 748 2154 ῑῃ
763 2099 891 2156 membri,
941 2101 1055 2147 scutttur
1068 2093 1227 2162 spiritaliter
1242 2096 1354 2151 nitunt:
1370 2112 1431 2152 nam
1442 2096 1481 2153 iili
1493 2107 1611 2154 retorem
1624 2100 1734 2170 liguram

63 2189 144 2244 artis
158 2189 284 2257 gtarrulis
297 2189 431 2245 nutriatur
443 2188 484 2263 [ut
498 2191 524 2245 io
539 2192 666 2246 membris
679 2207 718 2246 su·
732 2190 833 2261 paruuli
843 2206 892 2246 ou·
942 2183 1087 2239 earttaliter
1114 2186 1277 2256 accipientes
1302 2189 1401 2243 mortni
1424 2198 1497 2244 sunt.
1524 2187 1578 2244 Sed
1592 2204 1652 2244 cunt
1669 2190 1735 2246 dicit

63 2277 221 2351 artantur]
236 2295 243 2346 ;
260 2287 288 2334 ct
307 2293 354 2350 per
381 2280 457 2334 iiiam
477 2280 632 2336 ascenditur
650 2290 678 2337 et
697 2280 891 2337 descenditur:
942 2277 1100 2346 Apostolus,
1125 2279 1250 2334 eumdem
1271 2279 1360 2335 cibum
1384 2280 1532 2350 spiritalem
1556 2283 1735 2340 manducate·

73 2370 258 2441 (exemplum
272 2372 372 2442 grtippe
385 2371 444 2442 ejus
460 2381 603 2442 sentientes
617 2370 809 2440 praedicatores
820 2372 890 2442 ejus,
942 2378 1017 2431 runt,
1031 2369 1150 2423 ostendit
1164 2380 1190 2424 et
1202 2368 1268 2424 illud
1285 2370 1442 2439 spiritaliter
1454 2370 1566 2441 intelligi
1580 2371 1605 2426 itt
1616 2371 1735 2441 Christo,

61 2479 144 2518 ιιοιι
161 2464 255 2518 solum
270 2478 301 2518 se
322 2463 429 2532 erigunt
453 2473 483 2517 ut
504 2478 566 2518 eum
593 2463 745 2519 sublimiter
768 2472 893 2533 spectent
943 2461 1014 2517 sicut
1028 2470 1055 2514 et
1070 2469 1174 2529 potum,
1190 2477 1239 2516 cur
1254 2460 1403 2532 spiritalem
1423 2461 1545 2529 ditisset,
1556 2465 1660 2532 aporuit
1673 2478 1735 2519 cum

53 2554 80 2629 Ι
90 2551 285 2628 exspectent]¹
300 2554 348 2611 sed
360 2554 440 2610 etiam
455 2554 607 2621 humiliant,
622 2564 650 2610 ut
665 2570 726 2610 eum
739 2563 891 2624 temperau-

57 2651 129 2700 ια·
156 2645 335 2700 annuntient.
364 2644 461 2701 Videte
487 2645 646 2715 Apostolum
665 2646 856 2702 ascendentem
883 2663 890 2699 a

55 2732 175 2802 Sive,
191 2734 298 2805 inquit,
319 2742 409 2792 mente
421 2735 588 2791 excessimus
613 2735 677 2798 Deo,
692 2745 717 2791 et
733 2734 822 2791 ridete
842 2734 892 2790 de-

53 2826 270 2882 teeodeotem
282 2843 290 2882 x
302 2824 377 2894 Sine,
393 2826 491 2896 inquit,
507 2835 690 2895 temperantes
701 2825 892 2882 sumusrobis.
943 2835 1027 2881 tatem
1044 2835 1174 2892 nostram,
1188 2842 1236 2896 per
1261 2836 1368 2882 noctem
1396 2827 1501 2896 lucens,
1524 2842 1573 2896 per
1587 2827 1658 2883 diem
1681 2843 1735 2884 nort

56 2913 172 2971 Dicat
185 2932 236 2987 per
250 2930 330 2986 quem
346 2917 500 2973 ascenderit
514 2926 541 2973 et
553 2917 735 2976 descenderit.
754 2916 887 2985 Citaritas,
943 2918 1049 2988 lucens,
1063 2919 1149 2990 utqui
1165 2934 1218 2974 non
1232 2919 1323 2976 trident
1337 2918 1456 2984 uideant,
1470 2920 1556 2991 etqui
1570 2920 1661 2975 rident
1671 2921 1735 2977 caeci

61 3008 193 3080 inquit,
205 3007 458 3080 Christicompellit
471 3010 678 3080 oosjudicaotes
695 3012 892 3082 troc,guoniam
946 3011 1029 3067 liant?
1050 3012 1137 3067 iiultet
1157 3009 1268 3083 [Nubes]
1291 3021 1318 3067 et
1335 3027 1409 3067 mare
1432 2999 1568 3079 duorum,
1584 3012 1733 3082 baptismus

61 3105 109 3160 ti
124 3118 202 3159 unua
213 3118 263 3173 pro
274 3102 402 3157 omatibus
416 3110 538 3157 otortous
550 3113 602 3169 est,
613 3116 782 3173 ergonmncs
793 3103 890 3157 mortui
905 3124 928 3186 C
946 3104 1039 3175 utique
1054 3103 1154 3160 Christi
1166 3105 1297 3175 sanguine
1308 3114 1491 3173 consecratas,
1506 3105 1597 3162 hostes
1618 3121 1736 3176 segnen-

62 3201 166 3261 tunt,
182 3202 211 3249 et
223 3207 273 3263 pro
284 3192 409 3248 omnibus
425 3202 546 3247 mortuos
557 3204 609 3258 est,
625 3195 710 3263 utqui
727 3193 828 3259 nitunt,
836 3192 891 3263 jam
944 3202 1010 3250 tesa
1023 3203 1099 3265 tergo
1114 3195 1275 3261 moriuntur,
1286 3204 1392 3264 peccata
1403 3195 1547 3265 preterita.
1561 3195 1670 3250 Ducitur
1688 3214 1736 3266 po·

942 462 1049 522 sumpta
1062 453 1140 508 'nittil
1161 456 1296 524 serpentis
1311 464 1432 526 apparet.
1447 455 1501 511 Nos
1516 471 1623 527 guoque
1635 471 1734 529 corpus

943 543 1001 611 ejus
1009 543 1036 598 in
1047 543 1141 598 cadem
1153 546 1315 601 mortalitate
1326 561 1373 616 per
1384 546 1485 602 lubrica
1496 549 1737 618 temporumroivi·

942 649 1013 700 mur,
1028 635 1077 691 sed
1092 637 1145 693 line
1160 635 1305 693 novimimo
1318 638 1391 694 reiut
1402 639 1489 695 cauda
1504 640 1598 695 saculi
1613 655 1660 710 per
1675 655 1736 697 rna·

942 728 1733 804 nunt‚idestperpotestateutJudicii,neultraproiabatur,

942 820 1111 889 apprehensa
1120 822 1316 889 reparabimur,
1328 832 1356 878 et
1367 824 1512 878 novissima
1526 824 1633 880 inimica
1646 834 1735 881 morte

942 910 1078 965 destructa
1103 923 1275 980 resurgentes
1297 914 1323 966 io
1343 913 1435 969 dextra
1453 914 1735 989 [dexteraiiei1rirga

944 1001 1018 1070 regni
1034 1003 1146 1056 eritttus.
1159 1002 1218 1057 Jam
1244 1003 1278 1058 de
1292 1004 1364 1058 exitu
1389 1005 1470 1059 israel
1490 1021 1521 1060 ex
1538 1006 1664 1076 AEgypto,
1681 1023 1735 1062 non
1779 1022 1784 1037 ¹

943 1107 994 1162 ego
1005 1093 1052 1146 sed
1065 1095 1211 1162 Apostolus
1223 1096 1351 1165 loquitur:
1363 1094 1429 1151 Natio
1443 1106 1531 1151 autent
1543 1113 1591 1152 ros
1601 1100 1734 1168 ignorare,
1783 1106 1786 1113 ’

944 1182 1053 1250 iratres,
1063 1184 1125 1251 quia
1137 1183 1287 1256 [guertium]
1302 1194 1392 1255 patres
1406 1188 1491 1241 nostri
1503 1203 1596 1242 omnes
1605 1195 1655 1243 suit
1665 1191 1735 1245 trube

944 1271 1063 1339 loetum,
1080 1283 1107 1328 et
1121 1289 1216 1330 outnes
1232 1291 1279 1345 per
1300 1291 1374 1332 utare
1390 1280 1565 1344 transierunt,
1589 1289 1617 1334 ct
1639 1295 1734 1335 ornnes

943 2553 1106 2623 subjunxit,
1124 2554 1202 2610 Petra
1221 2565 1310 2609 autent
1327 2563 1386 2611 erat
1410 2554 1548 2614 cbristus:
1568 2569 1621 2624 quo
1641 2563 1735 2623 aperto

943 2656 1040 2700 cuncta
1055 2644 1197 2701 iulserunt.
1211 2644 1266 2700 Cur
1283 2660 1335 2701 non
1351 2656 1457 2718 ergoet
1472 2646 1556 2702 nubes
1569 2645 1692 2701 Christus
1707 2652 1735 2701 et

943 2735 1081 2802 colurnus,
1097 2735 1160 2804 guia
1177 2746 1278 2803 rectus,
1294 2746 1322 2792 et
1334 2738 1436 2804 ornos,
1451 2746 1477 2791 et
1491 2737 1604 2794 totcieos
1624 2737 1735 2792 iulirmi-

66 3298 143 3342 non
158 3285 214 3341 sibi
231 3283 394 3351 ritant,scd
408 3283 489 3351 eigai
504 3299 552 3352 pro
564 3283 603 3339 eis
617 3296 739 3339 mortuus
756 3292 837 3339 estet
850 3298 894 3340 re·
943 3286 1024 3355 polus
1039 3299 1088 3355 per
1105 3283 1263 3341 desertum:
1280 3284 1406 3354 baptizati
1427 3301 1522 3342 omncs
1544 3288 1660 3342 nondum
1676 3304 1737 3358 per-

65 3376 227 3432 terrerit.
240 3374 303 3430 iiaec
314 3376 341 3429 in
353 3374 500 3444 scripturis
516 3374 724 3430 sattctissaoeta
739 3373 893 3445 spectacula
944 3375 1064 3432 iruentes
1080 3378 1213 3446 promissa
1232 3377 1332 3447 patria,
1358 3377 1407 3432 scd
1419 3379 1489 3448 quod
1504 3392 1557 3435 uon
1573 3379 1664 3436 tidoot
1676 3397 1737 3449 spe·

66 3483 176 3539 quent
193 3483 249 3523 nott
264 3469 410 3536 delectant,
427 3484 518 3525 sanant
539 3469 690 3524 doctrinam
716 3469 895 3524 noosustioet
946 3465 1030 3520 raudo
1045 3474 1073 3521 et
1087 3480 1136 3537 per
1162 3467 1318 3536 patientiam
1345 3467 1539 3537 exspectando,
1562 3477 1687 3538 taogttato
1709 3472 1735 3526 itt

67 3556 272 3632 [sustineus],
289 3560 322 3615 ad
338 3560 441 3617 lubntius
462 3563 638 3628 conuertitur,
664 3570 690 3618 et
714 3562 766 3616 illm
785 3561 894 3631 guidem
947 3558 1056 3613 dcserto
1067 3568 1140 3626 sunt,
1155 3568 1183 3615 et
1195 3558 1251 3615 illic
1265 3558 1401 3615 laboriose
1414 3569 1442 3615 et
1455 3560 1738 3629 periculosctentatio·

68 3651 318 3708 1abniaeaointos
341 3651 466 3726 [animas]
487 3654 513 3708 io
538 3652 658 3725 qualibet
676 3656 798 3724 corporis
815 3662 896 3709 artata
946 3666 1038 3706 nesoe
1050 3661 1220 3707 reuertuntur
1233 3652 1314 3707 corde
1326 3653 1352 3707 in
1366 3650 1523 3722 AEgyptom,
1540 3667 1588 3707 occ
1601 3653 1636 3707 ibi
1651 3664 1739 3709 tanteo

67 3746 219 3817 pueriles
236 3746 308 3800 uaria
323 3746 437 3815 grtadam
465 3745 646 3802 delectatione
667 3746 821 3802 sollicitant.
842 3744 895 3801 Sed
946 3742 1071 3799 Christos
1094 3743 1206 3806 desedi,
1222 3759 1283 3797 oam
1299 3752 1326 3797 et
1349 3744 1393 3796 ilfa
1415 3744 1537 3798 colomna
1554 3760 1606 3798 noo
1626 3747 1738 3802 recedit.

64 3852 139 3894 mot
150 3826 211 3907 ja'rn
228 3852 326 3907 eorpus
340 3839 439 3893 citrini
453 3839 626 3909 agnoscimus
645 3836 856 3914 [agnoscamus],
868 3837 895 3893 io
948 3831 1086 3888 Etamarte
1097 3848 1173 3901 aquae
1183 3835 1255 3903 ligno
1265 3834 1420 3890 dulcescunt
1433 3877 1440 3901 ‚
1452 3839 1515 3906 quia
1525 3838 1624 3894 inimici
1636 3842 1739 3910 popuii,

64 3927 206 3985 l’saimo
220 3941 459 3999 summouentem,
474 3938 505 3985 ut
518 3929 641 3985 dieamus
656 3930 680 3984 ei
694 3948 700 3983 :
716 3928 898 3985 Narrarcroot
948 3923 1025 3994 signo
1038 3922 1126 3978 crucis
1153 3922 1255 3978 Citristi
1279 3925 1468 3994 bonoriiieato,
1494 3939 1694 3996 mansuescunt,
1714 3941 1740 3987 et

62 4018 161 4075 uribi
174 4019 269 4088 injusti
283 4019 488 4089 delectationes,
505 4019 552 4076 sed
570 4036 623 4075 ooo
637 4021 706 4075 sicut
717 4021 758 4076 ier
773 4029 829 4085 tua,
846 4019 898 4073 no-
947 4015 1090 4076 duodecim
1102 4013 1200 4081 iootcs,
1215 4017 1382 4088 septuaginta
1394 4017 1490 4086 palmae
1501 4020 1611 4074 arbores
1623 4019 1738 4092 irrigan-

59 4111 183 4165 ntine.
194 4107 321 4165 Christus
332 4109 398 4164 mibi
408 4108 509 4180 ubique
522 4109 630 4166 iliorum
642 4107 782 4177 librorum,
796 4108 898 4179 ubique
948 4115 990 4164 tes
1002 4107 1180 4177 apostolicam
1192 4109 1304 4180 gratiam
1314 4109 1486 4179 praefigurant
1496 4110 1608 4180 populos
1619 4111 1644 4165 io
1652 4123 1741 4180 septe·

58 4201 206 4260 iliarum
219 4200 423 4272 scripturarum
437 4202 592 4273 peragranti
617 4208 645 4257 et
661 4200 801 4257 anhelanti
815 4200 841 4255 io
853 4215 899 4256 su·
948 4198 1026 4254 nario
1038 4213 1151 4255 numero
1165 4198 1308 4268 decuplato
1321 4199 1465 4268 rigantem,
1479 4209 1508 4255 ut
1518 4216 1567 4271 per
1577 4202 1744 4271 septiformis

59 4293 164 4351 dore
178 4291 229 4348 ilio
242 4290 424 4347 damnationis
438 4290 572 4358 bumanae,
590 4291 651 4347 sire
670 4306 704 4346 ex
719 4301 825 4361 aperto,
839 4289 898 4348 sire
948 4291 1060 4361 spiritus
1075 4281 1173 4346 donum
1189 4290 1256 4362 legis
1271 4290 1419 4362 necatogue
1443 4291 1598 4362 impleatur.
1612 4293 1644 4349 Ει
1656 4294 1743 4350 itortis

56 4402 125 4447 ex
139 4387 256 4446 occulto
268 4385 387 4443 occurrit
402 4392 430 4442 et
443 4386 542 4442 reiicit.
559 4385 618 4454 ipse
636 4383 702 4439 milti
727 4393 754 4440 et
774 4399 807 4439 er
831 4399 899 4439 non·
953 4382 1133 4438 intercludere
1154 4382 1263 4437 molitus
1277 4382 1347 4437 riam
1359 4425 1366 4449 ,
1379 4383 1494 4438 extentis
1509 4382 1588 4438 iiosis
1604 4383 1741 4451 manibus,

59 4482 173 4537 nulia
191 4478 349 4536 dificultate
362 4476 524 4533 intentionis
542 4492 599 4532 suas
610 4475 775 4533 desideriunt
789 4473 896 4530 innan·
912 4474 1027 4554 „signo
1040 4473 1127 4528 crucis
1141 4473 1285 4528 dominice
1309 4484 1470 4543 superatur;
1486 4485 1513 4530 et
1527 4490 1633 4531 morsus
1646 4478 1742 4533 ntorti-

59 4583 165 4639 utar,
185 4581 217 4627 ut
232 4571 304 4642 quod
315 4569 382 4644 [quo
397 4568 423 4624 id
437 4567 520 4639 quedl
533 4569 662 4625 invenero
676 4567 755 4623 aride
769 4567 895 4622 sorbeam
951 4564 1000 4621 ieri
1013 4575 1177 4634 serpentum,
1201 4566 1316 4620 exaltato
1336 4577 1363 4620 et
1381 4574 1503 4632 respecto
1517 4580 1593 4620 aeneo
1613 4576 1741 4636 serpente

67 4665 282 4736 medullisque
295 4662 465 4720 reconditum
480 4661 625 4719 salubriter
635 4670 750 4717 teneam.
764 4657 899 4728 ipsemibi
952 4666 1060 4712 sanatur
1075 4654 1241 4728 [sanantur],
1257 4655 1327 4725 quod
1344 4653 1431 4710 verbis
1448 4653 1552 4709 bomini
1568 4656 1741 4712 declaratur:

68 4755 124 4814 im
134 4758 242 4828 tosepb
254 4754 557 4827 innuitiionuirur],qui
568 4755 790 4825 persequentibus
798 4761 825 4808 et
836 4767 900 4807 veo·
954 4747 1031 4802 Sicut
1046 4746 1189 4812 exaltarit,
1207 4745 1305 4815 irtgttit,
1329 4745 1418 4800 lloses
1438 4752 1590 4814 serpentem
1606 4745 1744 4814 itteremo,

80 4853 230 4909 dentibus
243 4850 371 4906 iratribus
383 4851 411 4904 in
423 4849 538 4922 AEgypto
550 4858 610 4918 post
621 4847 727 4904 labores
739 4847 896 4901 honoratur.
953 4839 992 4894 sic
1002 4846 1111 4908 oportet
1122 4838 1233 4893 exaltari
1245 4837 1342 4892 Filium
1355 4836 1482 4903 bortrinis,
1494 4845 1523 4891 ut
1533 4838 1621 4893 omnis
1631 4842 1676 4909 qui
1688 4855 1745 4896 cre·

81 4941 252 5003 Didicimus
275 4944 347 4999 enirn
368 4945 475 4999 iabores
500 4941 599 4997 Christi
625 4943 652 4996 in
677 4941 743 4996 orbe
762 4940 898 5011 gentium,
953 4932 1033 4988 ditio
1055 4946 1116 4988 eum
1130 4947 1183 4987 troo
1198 4939 1304 5000 pereat,
1329 4930 1377 4984 sed
1396 4929 1494 4986 babeat
1509 4930 1590 4985 uitam
1605 4943 1746 4989 aeternam.

95 5053 181 5106 quern
206 5036 378 5106 signincabat
404 5035 555 5106 Aigyptos,
577 5048 626 5102 per
644 5034 733 5086 varius
757 5031 899 5102 passiones
954 5023 1029 5078 itane
1045 5022 1125 5077 etiam
1140 5022 1190 5078 ista
1212 5037 1265 5074 oon
1286 5020 1419 5078 clamanti
1438 5029 1601 5078 tantaneest
1614 5024 1747 5079 surditas?

99 5139 269 5202 martyrum,
281 5136 308 5182 et
323 5141 395 5182 nune
407 5127 530 5182 uidemus
544 5124 676 5179 bonorem
693 5121 793 5176 Christi
813 5121 839 5175 io
854 5134 901 5175 eo·
931 5183 938 5197 .
953 5115 998 5170 Fit
1013 5113 1113 5182 pascha
1132 5113 1159 5168 in
1184 5112 1319 5167 occisione
1337 5112 1409 5179 ovis,
1428 5111 1561 5168 occiditur
1576 5114 1700 5170 cbristus
1713 5113 1746 5168 de

107 5220 239 5275 deuturbe
250 5229 385 5274 terrarum
399 5215 556 5286 erogatione
564 5211 691 5268 frumenti
702 5211 741 5266 sui
753 5211 804 5266 sibi
812 5210 902 5265 omnia
954 5221 1007 5276 quo
1025 5206 1051 5259 io
1067 5205 1212 5275 Etartgelio
1231 5204 1335 5279 dicitur
1348 5222 1356 5259 a
1369 5205 1439 5261 Ecce
1454 5219 1538 5275 agnus
1554 5205 1613 5271 bei,
1626 5205 1746 5274 eccequi

113 5309 353 5382 subjugantislpse
364 5307 429 5363 milti
444 5305 530 5360 innuit
544 5301 686 5377 [innuitur]
701 5303 728 5356 io
738 5303 812 5371 virga
822 5300 902 5367 blosi,
954 5298 1027 5353 tttliit
1041 5306 1152 5367 peecata
1164 5296 1268 5352 mundi.
1281 5297 1462 5353 Proitibeutur
1477 5297 1521 5367 qui
1533 5296 1631 5366 pascita
1647 5297 1745 5352 iaciunt

116 5420 176 5474 gna,
190 5406 218 5459 io
235 5415 307 5459 terra
322 5414 437 5471 serpens
449 5398 557 5465 edecta,
569 5398 628 5467 ejus
644 5404 759 5451 mortem
772 5393 899 5464 ligurarit
951 5404 1013 5446 ossa
1026 5390 1224 5461 [congerendo
1238 5389 1394 5460 iratrgtmtur
1410 5389 1435 5444 io
1453 5403 1532 5444 eruce
1542 5402 1603 5442 ossa
1619 5386 1745 5453 Doctrini3

118 5503 265 5564 raerpcnte
279 5495 448 5556 venientem3
465 5489 512 5546 sed
527 5489 598 5559 quod
618 5486 785 5558 apprehensa
804 5485 902 5551 cauda,

118 5586 241 5657 significat
265 5585 410 5654 posterius,
435 5583 553 5654 peractis
577 5581 633 5651 jam
655 5579 780 5635 omatibus
801 5578 828 5633 in
848 5577 901 5633 linc

117 5680 259 5736 actionibus
272 5675 426 5752 [actionis],
441 5675 474 5732 ad
495 5674 521 5732 id
536 5673 609 5745 qued
629 5672 717 5730 lucrat
735 5669 900 5742 resurgendo

954 5491 1095 5539 attestatur
1109 5483 1275 5554 etattgelista
1289 5482 1352 5537 bine
1366 5496 1427 5537 esse
1441 5481 1540 5535 dictum
1557 5495 1565 5533 a
1578 5479 1682 5550 Oreine
1693 5493 1747 5536 non

955 5576 1155 5634 comminuetis.
1171 5577 1308 5647 Sanguine
1328 5575 1478 5631 illiniuntur
1496 5584 1598 5641 postes,
1614 5583 1642 5626 ut
1656 5572 1746 5641 peroi-

955 5671 1011 5728 cies
1024 5669 1188 5743 depellatur:
1205 5670 1346 5740 signantur
1361 5669 1439 5739 signo
1454 5664 1599 5722 dominice
1615 5666 1747 5736 passionis
