3774 6120
140 309 212 364 tuis

709 303 925 364 tilestuntts.
944 306 1022 364 csl‘.
1042 307 1200 365 CCCXXXI.

1692 323 1761 380 lust

135 424 164 480 in
181 437 279 493 corpus
291 435 370 478 suunt
383 428 485 495 peceat,
498 432 558 475 cunt
570 418 690 486 stretpsa
702 418 853 485 tornicatiu,
866 422 923 476 s'te
937 423 961 480 tt
978 417 1143 475 familiariter
1156 435 1262 476 serrum
1285 420 1401 495 [sertus]
1424 424 1545 494 corporis
1569 441 1616 482 cor
1643 426 1764 488 leontinae

133 518 189 571 alia
200 513 365 587 husjusmodi,
375 528 435 584 qum
447 511 558 567 nonnisi
571 525 722 581 percorpus
736 510 803 565 bunt
816 521 925 579 peccata

136 605 298 675 turpitudini
309 614 336 659 et
351 601 521 658 fornicationi
535 601 682 668 sirniilima,
696 615 748 655 nou
762 601 812 656 nisi
824 616 871 669 per
883 601 925 671 ip-

133 713 196 752 sum
208 712 305 765 corpus
316 703 441 766 gerantur
454 704 535 764 atque
544 701 721 750 exerceantur
732 693 743 746 l
757 691 826 760 Quid
834 693 925 747 enimi

135 789 272 860 poteritne
286 801 347 842 esse
359 783 507 855 quispiam,
522 792 551 838 ut
565 791 662 839 catera
684 790 831 837 memorata
843 796 924 852 supc-

133 880 318 946 riustaccant,
339 876 391 942 sur,
410 874 451 932 rel
473 875 613 940 ebriosus,
637 873 678 931 rel
706 872 867 938 maledicus,
880 873 922 927 tel

132 984 236 1037 ratur,
249 977 324 1022 extra
350 965 533 1036 operationem
557 966 679 1035 corporis
694 963 924 1035 bujnslqnamris

133 1074 186 1117 uec
202 1060 260 1130 ipsa
275 1056 441 1121 idololatria,
457 1071 541 1127 neque
556 1057 612 1128 ipsa
625 1058 746 1123 auaritia,
761 1068 856 1128 praeter
866 1072 924 1113 ser·

133 1149 362 1219 titiumcurporis
378 1148 476 1220 poterit
500 1148 532 1204 ad
559 1164 635 1204 usum
651 1150 820 1219 iunctumque
845 1148 921 1204 suuitt

132 1244 286 1314 pertenire.
299 1242 368 1311 Quid
382 1248 515 1322 eslcrqo,
528 1242 614 1298 butue
628 1252 766 1310 peccatum
786 1242 922 1311 quodeun-

130 1351 186 1406 que
200 1334 294 1390 lecerit
309 1336 406 1400 bomo,
420 1343 497 1388 extra
514 1347 613 1402 corpus
628 1343 684 1400 est;
704 1333 749 1404 qni
763 1342 850 1389 autent
866 1334 922 1388 ior-

131 1425 292 1490 misitania
309 1438 407 1494 corpus
428 1423 565 1495 proprium
584 1424 697 1494 peccati
718 1424 849 1493 Primum,
860 1424 921 1494 quia

130 1517 161 1573 ltt
172 1529 287 1586 corpore
301 1514 354 1568 isto
365 1514 445 1568 bomo
460 1512 632 1578 constitutus,
648 1513 774 1584 quidquid
790 1516 847 1570 stilo
863 1525 921 1571 tart-

130 1623 190 1668 tutu
204 1610 294 1664 animo
316 1607 415 1678 poterit
438 1606 527 1674 iniqnc
549 1606 761 1675 concupiscere,
785 1605 837 1662 dici
866 1622 919 1661 raon

977 509 1145 578 fornicantis,
1159 513 1184 567 itt
1199 521 1320 583 tempore
1346 517 1464 573 maxime
1489 518 1571 588 ipsitts
1592 523 1763 592 nequissimae

975 601 1151 668 operationis.
1166 601 1193 656 ln
1213 609 1314 658 tanturn
1330 615 1357 659 ιι
1373 606 1429 674 ipse
1443 608 1583 677 lpostulns
1605 612 1764 672 inculcatius

977 689 1070 745 rolens
1080 691 1272 750 commendare
1286 696 1431 750 cauendum
1461 697 1612 756 bominibus
1636 702 1687 760 boc
1702 720 1758 760 ma·

976 775 1042 844 lum,
1059 780 1156 837 dixerit
1170 799 1177 834 ε
1189 781 1296 840 Toliatis
1310 799 1374 856 ergo
1398 787 1516 842 membra
1537 786 1648 858 Christi,
1664 791 1760 849 luciam

976 873 1094 925 mentina
1117 874 1289 929 meretricis?
1303 885 1330 929 et
1345 892 1487 933 exsecrans
1502 894 1533 935 ac
1556 880 1691 938 detestans
1705 901 1762 941 res·

976 961 1221 1028 pernatassent
1237 965 1278 1018 An
1305 965 1424 1033 nescitis,
1454 969 1549 1038 inquil,
1562 973 1687 1039 qnoniam
1713 975 1758 1043 qui

974 1053 1094 1108 adltaerct
1108 1054 1253 1122 meretrici,
1265 1072 1346 1111 unnut
1362 1071 1461 1126 corpus
1487 1061 1547 1116 eati
1577 1063 1662 1120 Erunt
1687 1067 1759 1121 eninr

973 1145 1035 1210 dito,
1052 1146 1147 1219 inquit,
1165 1148 1190 1201 in
1206 1162 1287 1205 carne
1307 1165 1370 1204 una.
1386 1149 1508 1220 Numquid
1536 1152 1586 1210 boc
1601 1165 1691 1224 posset
1706 1157 1760 1212 dici

973 1235 1007 1290 de
1021 1237 1082 1293 aliis
1096 1249 1175 1308 atque
1186 1238 1245 1294 aliis
1257 1239 1408 1309 quibusque
1422 1240 1585 1299 facinoribus
1602 1245 1761 1302 bominum?

974 1325 1099 1383 Liberum
1114 1338 1156 1383 est
1164 1329 1236 1385 enim
1251 1330 1340 1386 animo
1352 1330 1480 1398 bumana,
1494 1332 1520 1387 iu
1535 1333 1597 1389 aliis
1611 1335 1760 1408 quibusque

972 1415 1130 1481 sceleribus,
1150 1421 1273 1472 cinnum
1301 1419 1401 1487 aliquid
1428 1434 1522 1474 eorum
1548 1423 1662 1491 operari,
1680 1434 1706 1480 et
1728 1441 1762 1482 eo

974 1509 1031 1578 ipsu
1043 1519 1165 1580 tempore
1181 1510 1245 1565 alibi
1257 1511 1417 1580 cogitatione
1432 1512 1558 1581 distendi,
1576 1515 1646 1584 qnod
1661 1516 1686 1571 in
1704 1515 1759 1571 inr-

973 1599 1111 1655 nicatianis
1127 1601 1277 1681 ipso-opere
1287 1612 1367 1672 atque
1382 1612 1503 1673 tempore
1528 1605 1654 1661 nonlicet
1670 1609 1759 1663 animo

131 1707 303 1770 potestettra
315 1712 411 1768 corpus
421 1695 473 1750 buc
484 1695 618 1751 bominem
632 1695 730 1761 lacere,
741 1709 801 1750 cum
814 1706 920 1751 constat
972 1691 1003 1745 ad
1020 1691 1091 1747 aliod
1107 1693 1206 1764 aliquid
1221 1695 1390 1766 cogitantium
1406 1695 1518 1750 liberunt
1533 1712 1594 1753 esse
1610 1717 1616 1752 :
1633 1699 1673 1754 sie
1688 1702 1758 1755 enim

129 1804 195 1848 cum
207 1788 307 1844 carnali
318 1802 399 1844 sensu
411 1785 543 1842 etcarnali
554 1784 691 1856 prudentia
701 1785 751 1839 boc
762 1801 851 1853 agere,
866 1787 917 1841 istu
933 1791 1039 1851 Btutns
1055 1787 1134 1839 ltotnu
1149 1787 1308 1842 absorbetur
1322 1789 1355 1842 ab
1370 1788 1428 1858 ipso
1444 1798 1471 1842 et
1496 1793 1522 1844 in
1547 1789 1605 1859 ipsu
1632 1804 1756 1862 corpore,

132 1883 222 1936 adbuc
236 1881 442 1948 circumseptum
463 1893 585 1944 corpore.
603 1876 668 1931 Nam
680 1887 706 1933 ct
721 1877 790 1946 quud
805 1878 832 1933 in
849 1879 919 1947 psal·
972 1885 999 1931 nt
1011 1876 1066 1947 jam
1080 1876 1132 1932 dici
1144 1893 1195 1932 non
1217 1881 1302 1948 possit
1326 1880 1382 1946 ipse
1395 1879 1502 1935 animus
1527 1897 1591 1937 snus
1619 1897 1694 1949 esse,
1711 1884 1757 1939 scd

130 1992 178 2031 mo
191 1976 395 2044 scriptumest:
412 1972 481 2028 bitit
506 1969 603 2038 impius
625 1971 651 2025 io
676 1971 758 2026 cordo
784 1986 846 2035 sno,
861 1969 918 2025 Nun

129 2075 172 2124 est
184 2067 266 2134 neus,
289 2065 359 2121 idem
382 2066 475 2120 beatus
494 2063 638 2132 Apostolus
657 2079 710 2117 non
726 2063 813 2131 potnit
828 2065 919 2130 utique

128 2146 258 2229 separare
268 2172 283 2212 a
293 2155 424 2225 corporali
440 2168 540 2225 opere,
553 2154 598 2207 illo
612 2154 672 2208 loco
683 2154 726 2208 ulti
739 2152 777 2206 ait
792 2171 798 2205 :
814 2155 914 2208 Omnes

129 2249 279 2306 astabimus
290 2257 352 2303 autc
365 2244 597 2308 tribunuleristi,
613 2255 641 2300 ut
651 2243 763 2314 recipiat
775 2247 917 2315 unusquis-

129 2356 183 2413 que
193 2340 338 2398 secuudum
353 2354 451 2410 eaquae
467 2351 618 2410 percorpus
631 2337 724 2408 pessit,
735 2337 792 2392 site
806 2336 916 2400 bonnm,

127 2434 188 2491 siue
203 2432 301 2489 malunt
318 2431 401 2503 :quia
417 2430 541 2487 videlicet
557 2446 608 2484 uon
621 2429 669 2484 nisi
686 2429 712 2484 in
726 2444 839 2498 corpore
850 2445 916 2482 con-

126 2527 239 2579 stitutus
250 2524 348 2592 impius
363 2523 446 2591 potnit
461 2522 568 2585 dicere,
582 2519 640 2575 Nun
665 2530 707 2574 est
729 2519 817 2575 Dens:
835 2529 862 2574 ut
879 2529 917 2573 ta-

127 2629 217 2682 ceam,
233 2613 303 2683 quod
331 2612 358 2668 io
383 2612 434 2668 alia
451 2611 568 2681 Epistola
592 2611 648 2680 ipse
674 2609 773 2667 Ductor
797 2611 915 2680 gentium

126 2705 194 2761 dicit
210 2722 218 2759 :
232 2703 372 2762 llaniiesta
391 2712 481 2760 autern
496 2711 559 2757 suot
582 2717 663 2772 opera
677 2701 782 2769 carnis;
798 2712 825 2756 et
837 2717 917 2758 exsc-

126 2796 220 2868 quitur
233 2812 241 2853 a
255 2810 314 2867 quae
327 2803 391 2851 sunt
409 2793 614 2856 inculcationes,
629 2790 821 2859 immunditie,
836 2791 916 2845 luun-

126 2886 350 2954 tiaeprencbcim
373 2883 537 2950 inimicitie,
553 2883 750 2944 contentiones,
766 2879 916 2936 aemulatio·

126 2991 187 3044 nes,
203 2975 408 3044 animositates,
434 2972 631 3038 dissensiones,
647 2971 779 3039 luereses,
796 2971 913 3035 tritinia,

126 3068 284 3135 ebrietates,
299 3074 327 3121 ct
346 3064 386 3120 bis
401 3063 519 3130 similia;
540 3078 600 3133 quaa
615 3061 732 3132 praedico
754 3061 830 3117 uubis
846 3062 916 3116 sicut

970 1968 1048 2021 sitriul
1064 1970 1224 2024 tutusltomo
1235 1968 1286 2025 dici
1302 1971 1386 2039 possit
1400 1971 1470 2041 quud
1484 1976 1598 2038 carusit,
1612 1986 1639 2029 et
1650 1975 1760 2046 spiritns

969 2056 1068 2115 tadeus
1082 2068 1110 2115 ct
1124 2075 1176 2114 non
1190 2071 1338 2115 revertens.
1350 2061 1395 2117 Sic
1408 2076 1473 2132 ergo
1490 2078 1634 2134 possiumus
1656 2066 1757 2121 intelli-

969 2164 1033 2219 gere
1048 2149 1110 2220 quia
1125 2166 1205 2206 omne
1217 2161 1355 2222 peccatum
1370 2153 1548 2224 quodcunque
1561 2155 1652 2211 let-crit
1667 2156 1759 2227 bonan,

969 2252 1044 2297 extra
1070 2257 1168 2312 corpus
1189 2252 1247 2310 cst,
1262 2245 1305 2313 qui
1327 2255 1416 2300 antem
1441 2246 1597 2312 fornicatur,
1612 2248 1637 2303 in
1662 2265 1759 2320 corpus

969 2332 1105 2401 propriant
1119 2342 1229 2401 peccat:
1246 2342 1275 2388 nt
1288 2333 1420 2400 uideatur,
1437 2347 1464 2388 ut
1478 2335 1542 2400 diri,
1560 2339 1717 2407 Apostolus,
1732 2340 1757 2393 in

969 2430 1069 2477 tautum
1091 2437 1253 2494 exaggerare
1269 2422 1386 2478 coluisse
1401 2423 1587 2481 fornicatiouis
1601 2427 1712 2494 rnalum,
1730 2439 1758 2484 ut

968 2512 994 2568 iu
1019 2516 1221 2583 comparatione
1245 2513 1324 2582 bujos
1348 2514 1543 2583 tornicattonts,
1559 2525 1654 2570 cetera
1680 2525 1756 2572 extra

966 2619 1064 2676 corpus
1084 2604 1204 2660 ltabenda
1225 2619 1286 2661 csse
1309 2604 1416 2662 duxerit
1438 2621 1605 2678 quacunque
1634 2621 1754 2678 peccata,

967 2700 1025 2756 solo
1039 2700 1090 2755 linc
1116 2697 1301 2753 tamumntodo
1329 2697 1512 2755 iortticatiunis
1527 2699 1598 2754 malo
1614 2699 1641 2755 itt
1657 2716 1757 2772 eorpus

968 2789 1102 2861 proprium
1117 2787 1224 2860 peccari
1239 2788 1347 2854 disctlt,
1363 2790 1425 2860 quia
1451 2791 1555 2860 malane
1581 2789 1699 2846 libidinis
1714 2806 1757 2848 ar·

965 2881 1043 2944 darre,
1057 2896 1111 2950 qtto
1123 2879 1246 2945 superior
1257 2879 1345 2935 nullus
1357 2889 1408 2946 est,
1424 2880 1548 2952 uoluptas
1560 2881 1645 2951 ipsius
1658 2897 1757 2954 corpo·

966 2974 1003 3029 ris
1014 2981 1198 3030 tcuctserruut
1210 2972 1344 3041 cilteitque
1355 2974 1502 3043 captiuum.
1512 2972 1650 3029 llaecdicta
1658 2975 1754 3030 sintde

965 3063 1075 3135 speciali
1087 3063 1263 3120 tornicatioou
1277 3063 1356 3135 tujm
1369 3063 1613 3134 carpentanorum
1628 3067 1689 3136 quia
1702 3081 1755 3122 nun
1856 3048 1862 3064 ⁸

127 3158 253 3231 praedixi,
265 3157 328 3228 quia
340 3157 384 3226 qni
400 3155 462 3211 talia
478 3163 559 3226 agunt
574 3168 684 3222 regnum
699 3152 746 3206 Dei
763 3167 814 3205 nitu
830 3153 914 3221 pussi-
929 3155 1055 3228 ceolum
1074 3154 1214 3211 tornicatio
1234 3156 1261 3209 ln
1283 3155 1367 3211 sacris
1395 3155 1491 3210 litteris
1515 3155 1677 3225 specialiter,
1707 3156 1754 3214 scd

127 3251 242 3306 debunt.
262 3246 387 3318 Nunqnid
398 3246 469 3301 enim
485 3261 538 3300 nott
553 3244 658 3298 ridetur
674 3242 751 3298 nubis
763 3251 839 3296 extra
855 3255 913 3297 cur·

127 3352 178 3409 pus
190 3336 249 3394 lteri
258 3347 354 3392 caetera
366 3335 410 3390 illa
423 3350 482 3405 que
495 3335 532 3390 ibi
543 3333 713 3403 interposuit,
721 3332 912 3398 ertrolatienes,

125 3430 332 3496 suimusitatcs,
358 3428 558 3496 dissensiones,
586 3423 709 3493 turilias,
737 3424 875 3478 ltaereses?
888 3433 915 3477 et

125 3529 217 3577 lamen
232 3519 357 3588 operibns
372 3517 461 3573 carnis
472 3517 521 3570 ista
537 3515 627 3571 tribuit
644 3514 741 3568 [luctor
751 3515 872 3585 gentiunt
888 3517 914 3571 itt

125 3611 180 3667 tide
192 3621 220 3667 et
231 3611 351 3665 ueritate.
365 3609 433 3675 Quid
447 3616 488 3663 cst
502 3621 576 3677 erqo,
587 3608 672 3662 Omne
682 3607 914 3677 peccatumquod·

124 3717 233 3772 uroque
243 3701 336 3758 lecerit
348 3702 438 3768 burno,
453 3709 528 3755 ettra
543 3711 640 3768 corpus
651 3706 707 3762 est;
722 3708 749 3752 et
763 3713 842 3751 unum
857 3707 915 3750 tan-

125 3791 267 3849 tummodo
282 3792 470 3848 lornicationis
484 3795 623 3860 peecatum
639 3789 789 3851 nominans,
801 3788 849 3853 ait,
862 3788 911 3854 Qui

967 3248 1048 3304 etiam
1059 3248 1220 3319 generaliter
1239 3248 1361 3319 seqnitur
1385 3256 1412 3303 ιι
1436 3247 1600 3315 nominator,
1614 3264 1755 3315 conemur,

967 3339 1023 3397 beo
1037 3339 1190 3412 aalJurante,
1207 3347 1235 3396 et
1248 3340 1310 3394 ltinc
1329 3339 1429 3411 aliquid
1454 3338 1630 3410 probabiliter
1653 3340 1754 3396 dicere.

967 3429 1109 3487 Generalis
1133 3430 1213 3501 igitur
1240 3429 1381 3486 fornicatio
1408 3440 1499 3501 aperte
1526 3429 1755 3487 manilestatnrin

967 3520 1081 3591 psaltno,
1098 3520 1141 3576 ubi
1157 3521 1254 3577 dicitur
1269 3538 1275 3574 :
1291 3521 1422 3591 Quoniam
1444 3521 1564 3592 eccequi
1582 3522 1661 3592 longe
1672 3536 1700 3577 sc
1715 3519 1756 3575 la-

966 3613 1063 3666 cinnta
1077 3621 1113 3675 te,
1128 3609 1271 3682 peribunt3
1289 3611 1427 3680 perdidisti
1443 3627 1550 3667 ornnem
1579 3612 1624 3683 qni
1641 3611 1756 3668 ionica-

966 3711 1009 3757 tur
1025 3702 1073 3756 abs
1096 3711 1133 3755 te.
1152 3701 1201 3755 ilbi
1214 3702 1408 3771 subsequenter
1421 3702 1535 3771 qualiter
1551 3701 1600 3756 ista
1619 3703 1753 3771 generalis

965 3792 1108 3848 lurnicatio
1122 3790 1197 3846 cradi
1207 3799 1234 3846 et
1247 3789 1326 3860 ebnqi
1350 3791 1444 3862 possit,
1466 3791 1591 3860 adjunxit
1604 3792 1697 3865 [entim]
1710 3791 1750 3849 tti-

124 3897 213 3940 autcm
221 3885 275 3956 92
285 3883 441 3950 torqueatur,
452 3883 478 3936 in
490 3895 587 3951 corpus
599 3880 735 3950 proprium
747 3879 854 3949 peccat?
864 3882 914 3948 Ate
964 3900 1028 3939 cens
1036 3901 1043 3937 :
1051 3882 1114 3938 ilibi
1126 3881 1361 3938 autemadbatrerc
1373 3882 1428 3938 neo
1440 3883 1538 3938 bonnm
1547 3892 1590 3940 cst
1602 3901 1609 3939 :
1620 3893 1648 3939 ut
1658 3885 1755 3941 exindo

123 3969 913 4049 paretigiturcnitistardoetobtunso[obtusolpqnanqqurel
963 3974 1220 4030 lacilcadrertamns
1234 3973 1305 4027 illam
1330 3988 1389 4029 csse
1411 3976 1563 4045 generalem
1590 3976 1748 4034 lorrticatio·

122 4069 158 4125 sit
168 4073 219 4123 ista
230 4064 475 4139 questiodilltcilis;
486 4078 566 4134 quam
574 4063 703 4118 bantinus
712 4063 761 4131 piae
772 4062 911 4116 intentioni
965 4062 1267 4127 nemanimmunmanae,
1277 4079 1328 4131 qua
1341 4079 1394 4118 nou
1404 4065 1543 4121 adltarens
1557 4066 1669 4138 quisque
1684 4067 1751 4136 beu,

121 4157 274 4229 nmtre,et
288 4157 479 4228 aliquantulum
504 4158 629 4228 dignatus
652 4154 732 4212 luerit
756 4156 913 4212 illucescere
963 4153 1225 4210 untiaret-mundo.
1251 4153 1327 4209 Unde
1350 4153 1443 4209 beatos
1476 4155 1613 4226 apostulus
1635 4156 1753 4212 loannes

122 4261 204 4321 atque
217 4248 348 4318 retulere,
371 4246 518 4318 poterimus
542 4245 641 4315 aliquid
665 4245 860 4301 rationabiliter
871 4244 910 4300 di·
963 4246 1027 4301 dicit
1043 4263 1049 4298 :
1067 4245 1169 4316 sequte
1185 4242 1309 4300 dileterit
1324 4245 1464 4311 mundum,
1477 4244 1586 4302 dilectio
1598 4245 1685 4302 Patris
1699 4261 1752 4305 tion

122 4355 197 4395 cere.
213 4339 324 4395 l'idetur
339 4339 409 4393 enim
421 4339 514 4392 beatus
539 4338 695 4407 Apostolus,
713 4339 738 4393 in
750 4351 804 4408 quo
818 4337 913 4407 loque·
962 4345 1003 4390 est
1018 4335 1044 4389 in
1058 4335 1121 4402 lllo;
1136 4332 1306 4403 etapostolus
1318 4335 1434 4390 lacobus
1448 4336 1530 4391 dicit:
1544 4335 1675 4405 adulteri,
1688 4350 1752 4391 ncs·.

124 4432 207 4486 beatur
219 4430 357 4494 Citristus,
373 4440 419 4484 aut
433 4445 596 4501 exaggerare
620 4430 736 4486 coluisse
761 4430 912 4485 fornicatio·

962 4427 1024 4482 cilia
1038 4427 1099 4494 quia
1119 4427 1239 4481 amicitia
1263 4426 1342 4495 buius
1361 4426 1458 4481 'aruitdi
1480 4426 1583 4482 inimica
1610 4435 1650 4482 cst
1676 4425 1753 4481 lieu?

122 4524 165 4580 nis
182 4522 280 4578 malum
293 4537 375 4590 super
389 4530 486 4575 caetera
513 4522 601 4575 omnia
629 4529 749 4591 peecata,
776 4537 835 4591 quae
860 4522 910 4576 etsi
925 4519 951 4581 D
965 4519 1087 4575 Breviter
1100 4534 1164 4590 crgo
1178 4519 1318 4574 delinitum
1330 4528 1371 4575 est
1384 4534 1436 4573 nun
1452 4534 1532 4588 posse
1545 4518 1644 4574 babere
1662 4516 1747 4574 dilcc-

121 4630 170 4684 pcr
193 4627 291 4686 corpus
311 4612 523 4678 committantur,
544 4622 700 4667 nontamen
721 4612 838 4667 aninntm
864 4613 913 4666 ltu·

121 4722 231 4765 tttannnt
239 4704 462 4774 concupiscentie
470 4704 570 4760 carnali
582 4706 617 4759 ita
629 4704 908 4760 ciliciuntobstrictnm

120 4811 148 4856 et
162 4799 320 4865 nbnoxiont,
333 4797 558 4867 quemadmodum
583 4797 609 4851 in
626 4797 685 4852 solo
699 4811 782 4865 opere
796 4796 912 4851 lortiica·

122 4888 205 4944 tiools
219 4887 367 4956 corporalis
395 4885 566 4941 commisceri
594 4885 658 4942 iacit
681 4886 798 4939 animum
815 4887 855 4939 nis
869 4885 910 4940 in·

119 4995 189 5054 qens
202 4978 319 5034 libidinis
333 4993 394 5034 cnm
422 4979 479 5048 ipso
494 4992 616 5043 corpore,
632 4986 659 5032 et
678 4993 758 5032 unum
773 4992 832 5033 cum
852 4978 910 5048 ipso

118 5069 321 5145 quiedammodo
335 5069 493 5139 agglutinari
507 5079 534 5124 et
545 5069 697 5124 devinctum
711 5083 772 5125 esse
787 5086 793 5124 :
811 5069 837 5124 iu
853 5080 910 5122 tan-

121 5174 178 5217 tum
194 5172 224 5215 ut
240 5159 306 5213 nibil
321 5158 392 5213 alind
407 5159 464 5227 inm
476 5166 612 5214 nrontento
626 5166 654 5213 et
668 5160 850 5226 experimento
861 5158 911 5212 bn·

117 5252 164 5324 jus
180 5252 330 5322 tammaqui
345 5251 435 5320 llagilli
451 5253 569 5322 cogitare
592 5250 692 5305 bomirti
719 5251 798 5306 liceat
811 5259 856 5305 aut
870 5250 911 5304 in-

118 5341 243 5406 tendere,
259 5341 309 5395 nisi
335 5340 406 5410 quod
432 5342 538 5396 sibimet
564 5341 663 5396 addicit
687 5350 814 5408 mentem,
831 5357 910 5412 quam

118 5430 254 5503 captivam
266 5431 356 5485 subdit
368 5430 425 5502 ipsa
439 5432 599 5497 submersio,
614 5442 640 5487 et
651 5432 850 5503 quodammodo
864 5435 912 5488 ab·

964 4614 1063 4668 tionem
1077 4612 1136 4679 liei,
1153 4612 1197 4682 qui
1210 4611 1333 4667 babuerit
1349 4611 1519 4666 dilectionem
1535 4610 1624 4665 utttndi
1637 4627 1645 4677 ;
1657 4619 1684 4665 ιι
1694 4608 1748 4665 lni-

964 4706 1062 4761 micum
1078 4719 1138 4761 esse
1154 4705 1212 4767 llei,
1224 4705 1267 4774 qni
1283 4705 1451 4759 amicusesse
1465 4704 1577 4758 uoluerit
1593 4701 1696 4762 mundi.
1709 4703 1749 4760 bd

964 4800 1016 4853 buc
1025 4799 1106 4853 etlam
1119 4797 1235 4868 pertinet
1248 4795 1317 4866 qnod
1331 4796 1460 4850 bominns
1473 4795 1498 4849 io
1511 4794 1658 4866 Evangelio
1670 4795 1750 4858 dicite

962 4887 1047 4944 Nemo
1071 4895 1159 4958 potest
1181 4884 1286 4940 duobus
1306 4884 1423 4940 dominis
1449 4884 1553 4939 servire
1579 4901 1586 4938 ε
1606 4892 1651 4940 ιιι
1678 4885 1749 4940 euim

963 4996 1045 5035 noum
1059 4980 1120 5034 odio
1140 4977 1258 5046 babebit,
1278 4985 1307 5033 ct
1332 4978 1444 5033 alterum
1476 4977 1581 5048 diligen
1598 4986 1644 5031 aut
1668 4989 1749 5034 unuttt

963 5075 1088 5144 patietur,
1105 5079 1133 5125 ct
1148 5070 1261 5124 alterum
1278 5079 1430 5124 contemnet
1441 5085 1449 5136 ;
1460 5077 1488 5124 ct
1516 5067 1651 5124 cuttclndit
1666 5084 1673 5119 τ
1689 5067 1748 5123 Nun

963 5163 1074 5234 potestis
1089 5162 1144 5216 Deo
1157 5163 1260 5218 servire
1275 5171 1301 5214 ct
1315 5177 1484 5216 mammonae.
1499 5161 1548 5215 ista
1562 5169 1603 5215 cst
1625 5173 1690 5227 erqo
1702 5173 1748 5229 gc·

963 5256 1073 5322 rtcralis,
1085 5264 1114 5311 ut
1128 5255 1226 5310 dictum
1241 5262 1292 5321 est,
1308 5253 1449 5309 lomicatie
1459 5252 1565 5316 auimae,
1582 5250 1672 5304 ornnia
1688 5264 1746 5303 otu«

962 5348 1026 5402 nitro
1053 5345 1079 5401 iu
1102 5361 1131 5401 se
1156 5344 1314 5410 continens,
1342 5359 1394 5414 qua
1422 5358 1475 5398 noo
1498 5341 1650 5395 actitaretur
1674 5339 1744 5408 beo,

959 5437 1022 5500 dum
1037 5435 1190 5491 adbatrctur
1203 5434 1305 5490 mundo
1319 5449 1327 5490 ι
1341 5444 1371 5488 nt
1390 5434 1469 5488 etiam
1485 5432 1525 5484 sic
1538 5428 1685 5497 intelligere
1699 5443 1746 5480 ra,

116 5632 180 5675 csse
192 5614 325 5680 rideatur;
337 5616 407 5684 qnod
421 5616 520 5672 dictatu
531 5616 742 5682 est:Qniatttem
753 5615 910 5684 lurtiicatnr,
959 5618 1029 5689 qnod
1057 5619 1096 5673 ait
1120 5616 1265 5687 Apostolus
1279 5632 1286 5668 z
1302 5616 1387 5670 Otttue
1411 5622 1547 5683 precatum
1567 5611 1746 5681 quodeunque

119 5709 147 5766 iu
161 5722 260 5777 corpus
274 5707 408 5778 proprium
436 5717 543 5778 peccat,
560 5710 619 5783 qnia
642 5717 705 5766 tnnc
718 5709 745 5765 tit
762 5711 868 5787 proprie
883 5721 910 5770 et
959 5713 1017 5767 lucc
1032 5711 1052 5767 it
1066 5711 1158 5775 botno,
1173 5716 1250 5768 extra
1261 5718 1358 5778 corpus
1370 5704 1476 5774 cst;qul
1492 5713 1580 5761 autem
1591 5701 1746 5771 ieriticatur,
