3774 6120
149 213 200 277 bii]
706 225 748 281 itu
770 225 848 282 ΗΒΕ
867 220 1004 282 NlCAENd
1023 226 1239 289 iuncturus
1727 239 1781 301 litt

184 338 254 392 tensi
266 346 290 393 et
307 334 501 396 Pontiniueensi
513 339 713 413 subjiciebamur
728 341 831 410 dialogo
852 349 942 393 uentre
956 343 979 397 ii
996 356 1027 397 ac
1037 343 1074 398 sie
1087 334 1220 412 perlectus
1234 349 1260 402 in
1272 347 1360 416 seipso
1374 363 1425 403 nnn
1442 349 1500 414 luit,
1515 351 1559 423 qui
1573 364 1600 409 ιιι
1615 356 1779 422 perlectisque

187 431 305 496 briones,
318 430 540 497 toiirrltirouasio,
555 432 659 499 brieri
674 432 938 503 Probojurliceinter·
990 434 1133 501 imeretur,
1159 449 1250 506 postea
1272 439 1368 494 iiiiinnr
1387 444 1550 510 getrerautlu,
1573 457 1712 515 paternum
1727 450 1779 508 sibi

188 522 342 578 locutoribus
359 540 444 594 :quas
457 540 565 595 murrum
584 533 620 579 est
641 525 793 590 existimare,
810 541 826 578 a
843 524 940 594 iiqitio
989 540 1086 580 nomeu
1100 527 1213 596 arijeeit;
1226 541 1251 583 et
1266 544 1313 598 per
1328 532 1378 586 bne
1394 533 1420 586 iu
1434 548 1481 588 sna
1494 534 1643 592 substautia
1660 541 1777 597 nrutabi-

188 615 298 682 adjectus
323 615 358 668 ud
383 616 495 684 primum
521 629 596 669 suum
620 615 751 685 dietaqum
771 616 817 670 rub
838 617 939 668 nemine
990 615 1043 670 lu:
1061 616 1113 672 erit
1123 620 1167 686 qui
1180 619 1215 673 de
1229 620 1357 690 dignitate
1367 622 1475 679 deitatis
1489 626 1523 680 ad
1537 626 1660 684 effectum
1674 631 1779 699 putenti

188 705 331 771 ituerresii,
345 716 434 761 centro
447 707 567 774 brienus,
581 715 717 775 antequam
732 707 868 760 urcundum
883 709 941 777 ejas
990 706 1101 762 inueneris
1118 708 1233 766 transiit.
1256 712 1324 779 Quid
1344 726 1403 781 eru,
1416 724 1441 772 te
1459 715 1509 772 ista
1524 721 1703 788 questionum
1723 733 1778 778 tor·

183 798 320 852 sabionem
333 797 475 864 moliretur,
488 799 514 852 irt
528 813 578 870 qua
590 799 666 853 etiem
676 797 843 852 Plautiniuuor
854 804 878 852 et
890 797 938 853 Str·
990 810 1078 855 menta
1093 801 1248 859 delectanti
1259 806 1322 875 quid
1335 808 1521 867 insolubilibus
1533 813 1714 884 objectionum
1731 834 1777 875 uun

182 891 308 945 belliones
320 907 378 944 cunr
389 889 493 944 Arianis
507 888 657 960 conpererit.
989 892 1032 947 dis
1044 893 1139 950 uineirl
1156 909 1210 950 aen
1225 897 1323 967 pudeti
1342 899 1406 957 dum
1422 904 1479 974 ipso
1493 905 1616 977 laqueum
1637 911 1734 977 leudis,
1750 923 1776 969 et

201 998 332 1038 tueremur
351 992 512 1037 sucurrones
528 991 704 1036 ontncuountt
722 989 885 1034 uutuuouen.
990 992 1017 1039 te
1026 984 1124 1041 irretiri
1139 1002 1191 1043 non
1205 989 1300 1046 scutis.
1320 991 1390 1048 binis
1402 1007 1468 1065 ergo
1486 1014 1492 1049 :
1508 997 1576 1054 Cum
1595 1011 1678 1069 esset,
1698 1012 1776 1058 nsciis
1839 1042 1843 1047 .

144 1078 148 1087 '
179 1074 273 1131 Prima
287 1090 381 1130 eorum
397 1073 513 1145 objectio
528 1084 587 1140 est,
602 1084 654 1142 qua
668 1072 761 1128 dieunt
774 1070 941 1139 impossibile
989 1083 1041 1130 est.
1056 1075 1091 1130 iit
1110 1077 1166 1142 nbi,
1183 1078 1299 1149 inquies.
1313 1083 1390 1138 erati
1407 1082 1435 1138 ln
1450 1085 1531 1142 corde
1546 1088 1640 1157 bairis,
1658 1093 1684 1147 in
1699 1103 1776 1148 uteru

125 1183 209 1234 esse
223 1165 310 1221 Deum
325 1165 443 1231 Patrem,
459 1174 487 1222 et
508 1164 708 1234 incorporeum,
719 1172 747 1218 et
766 1162 938 1231 invisibilem,
989 1164 1087 1235 Putris,
1102 1167 1129 1222 iu
1143 1166 1317 1239 siuu'l‘utris,
1328 1171 1356 1232 id
1369 1183 1410 1229 est
1421 1177 1447 1230 in
1458 1179 1571 1235 scenicis
1583 1191 1685 1239 nauum
1698 1199 1776 1241 qm.

118 1273 169 1331 ge
188 1278 238 1316 sun
250 1260 399 1316 substantia
413 1257 688 1331 generare.iiqnibus
700 1255 859 1326 liludprimu
870 1269 939 1325 qaa-
989 1256 1044 1314 uin.
1058 1259 1122 1316 inde
1134 1261 1269 1318 nascendo
1282 1268 1411 1334 processit
1423 1311 1431 1336 ‚
1445 1280 1498 1324 neu
1513 1273 1663 1331 recedendo
1683 1277 1775 1335 deces-

117 1354 260 1425 fenebrem
280 1361 322 1408 est
342 1363 431 1407 utrum
449 1349 586 1405 uoluntate
605 1354 747 1404 coercente
766 1346 845 1403 Pater
856 1359 938 1416 gene·
988 1349 1032 1405 sit.
1050 1348 1116 1422 ldqo,
1125 1351 1263 1423 lnquit,ea
1276 1355 1460 1414 eruditissimi
1472 1364 1584 1427 inmersi
1597 1364 1690 1437 (Ereti.
1700 1381 1775 1436 urtr,

116 1460 211 1516 fare
230 1444 350 1515 nequiuit
369 1451 419 1499 :et
439 1441 463 1497 si
476 1440 583 1513 quidem
603 1439 740 1494 uoluntate
763 1450 817 1493 unu
831 1438 935 1509 genuit,
976 1438 1773 1530 4οὓςοίςο,Ιοοοίι,(1οῐ)οοιίοΡοοοοεοόι·(Ιοοοανοῖδ).

118 1553 216 1612 ergo
233 1537 324 1591 itabuit
344 1535 371 1590 in
387 1543 480 1590 natura
500 1543 529 1588 ut
547 1545 678 1603 generare
690 1529 827 1599 potuerit3
842 1529 889 1585 sed
902 1530 936 1584 sd
988 1531 1057 1589 Eece
1069 1532 1152 1590 habes
1171 1536 1299 1594 nascendi
1312 1542 1523 1612 processionem,
1544 1545 1607 1601 audi
1628 1549 1774 1607 nnudeee-

123 1626 327 1711 generationis
333 1624 589 1682 ellectumtoluntas
596 1622 741 1689 coutinuit;
753 1621 832 1678 aesic
841 1634 934 1677 cerum
986 1622 1076 1680 doubs
1093 1624 1163 1682 uude
1177 1638 1348 1696 processerat
1360 1631 1539 1695 mansionem.
1552 1635 1621 1710 bqe,
1634 1639 1732 1711 inquii,
1747 1644 1773 1700 tq

130 1719 282 1790 superlitis
300 1717 416 1787 objectio
433 1717 513 1781 victa,
535 1715 608 1771 cedit
627 1714 748 1786 explosa,
767 1728 819 1785 qna
840 1712 933 1770 dieunt
948 1695 973 1757 Β
986 1713 1073 1779 Pane,
1088 1726 1112 1769 et
1125 1716 1204 1771 Peter
1217 1719 1245 1773 itt
1259 1735 1300 1775 me
1314 1718 1404 1792 (loun.
1418 1738 1475 1793 utu,
1491 1725 1546 1798 ii).

137 1809 263 1871 nomino
279 1806 361 1863 inisse
379 1805 545 1876 impossibile
561 1814 590 1861 nt
607 1803 642 1860 de
656 1818 704 1860 sua
723 1804 870 1860 substantia
887 1819 935 1875 ge·
1020 1806 1084 1862 item
1097 1807 1240 1877 ingenitus,
1254 1810 1386 1881 inquiunt,
1398 1811 1602 1887 Prter,genltus
1612 1818 1705 1877 Filius.
1715 1822 1772 1880 tier

147 1902 265 1969 nemrim
278 1915 338 1955 eum
361 1897 583 1969 impossibilitatis
603 1896 669 1952 uitio
688 1895 806 1952 diuinam
829 1905 931 1952 certant
983 1895 1041 1953 lieri
1056 1906 1155 1969 potest,
1175 1913 1257 1957 unam
1275 1902 1453 1960 subuautiam
1464 1908 1546 1977 geniti
1559 1919 1639 1981 atque
1650 1913 1770 1982 ingeniti.

155 1994 196 2049 sit
208 2005 289 2046 carere
303 1998 437 2045 naturam.
450 1987 497 2044 Sin
513 2003 578 2044 scre
592 1988 682 2044 dicant
695 1997 796 2043 nature
810 1988 932 2058 impossi-
984 1989 1012 2046 st
1022 1991 1092 2046 sieut
1104 1992 1290 2063 ingenitusest
1300 1995 1389 2065 Pater,
1401 1998 1540 2069 ingenitus
1552 2013 1624 2061 esset
1636 2016 1664 2061 et
1676 2006 1770 2074 Filius,

161 2078 251 2136 biliute
270 2095 330 2135 earn
354 2093 483 2150 generare
503 2092 556 2135 uon
577 2092 665 2148 pesse,
686 2079 713 2134 in
735 2089 856 2149 apertum
877 2080 932 2135 bia·
983 2091 1046 2138 ttmc
1058 2082 1143 2154 magis
1156 2082 1262 2141 diuersa
1276 2089 1456 2161 posset5³5
1466 2103 1528 2148 esse
1538 2094 1699 2162 substautia;
1711 2100 1771 2169 qnia

121 2187 124 2193 ·
168 2173 274 2244 splenia
292 2173 428 2229 baratrum
441 2175 551 2240 eadunt,
568 2185 720 2230 asserentes
738 2175 930 2245 impossibilem
982 2171 1165 2244 nuusprisque
1180 2187 1195 2228 a
1209 2175 1299 2247 seipso
1312 2176 1462 2235 subsistens
1476 2182 1694 2240 communionem
1705 2189 1770 2242 sub·

174 2281 219 2320 eun
235 2266 274 2337 qni
288 2266 324 2322 sit
343 2267 523 2336 omnipotens.
542 2265 611 2322 Tum
631 2265 727 2322 deiude
746 2267 779 2323 de
794 2267 931 2322 mendacio
981 2263 1159 2319 stantieeuur
1173 2264 1327 2321 alteration
1342 2267 1463 2325 baberet.
1474 2270 1543 2327 cam
1556 2287 1622 2329 rere
1636 2273 1769 2346 ingenitus

175 2369 258 2427 aquent
272 2358 365 2426 beans,
382 2367 411 2415 ut
424 2357 545 2414 homiues
559 2371 606 2411 sna
621 2357 810 2427 praedieatione
828 2357 931 2413 leieile·
982 2354 1061 2411 Pater
1073 2355 1107 2412 de
1121 2370 1152 2413 se
1166 2358 1235 2428 ipso,
1249 2358 1275 2414 id
1288 2369 1343 2430 est,
1356 2360 1391 2418 de
1403 2363 1518 2434 eoquod
1532 2364 1591 2434 ipsu
1601 2376 1654 2431 est,
1666 2368 1689 2424 si
1704 2369 1768 2440 qnid

176 2452 208 2518 rit,
218 2454 296 2510 diceus
308 2446 402 2519 Geuui,
417 2469 476 2510 enm
491 2453 636 2509 seeundum
652 2455 717 2511 istos
733 2454 931 2525 impossibilita—
980 2445 1046 2501 iliud
1056 2447 1211 2514 “infinum
1222 2450 1576 2523 generarit,appnretanam
1587 2471 1647 2512 ⁰³⁸⁰
1657 2458 1769 2529 iiiiii*

176 2556 214 2601 ten
227 2544 339 2604 babuerit
352 2546 511 2618 generandi.
530 2545 650 2618 Namque
665 2555 694 2602 ut
713 2545 746 2602 de
756 2561 786 2603 se
802 2547 930 2604 ineliabiil
980 2537 1015 2594 iil
1026 2539 1305 2611 seniliqoenalttram·
1317 2542 1385 2599 Ecce
1396 2543 1592 2602 brevitetsniti
1603 2547 1766 2617 queddixit:

176 2651 251 2694 nutrire
271 2639 419 2694 substantia
446 2637 583 2708 proprium
605 2651 636 2692 se
663 2636 760 2693 Filium
786 2651 930 2708 generasse
979 2630 1191 2700 wwoiilionem
1202 2646 1301 2700 metm.
1315 2634 1339 2688 si
1351 2634 1434 2701 vaiet,
1446 2635 1504 2706 ipre
1517 2636 1771 2707 qualibetauedis

175 2726 267 2797 bunut.
282 2732 309 2785 in
323 2728 522 2784 obtundendam
538 2727 738 2783 incredulorum
752 2726 929 2794 dementiam,
978 2721 1074 2778 seirat.
1100 2722 1181 2789 nteit,
1202 2724 1338 2796 lngenitus
1359 2726 1438 2783 Pater
1458 2736 1513 2795 est,
1537 2743 1588 2799 pro
1600 2729 1652 2786 bec
1666 2730 1724 2800 ipso
1739 2743 1767 2786 nt

174 2825 258 2875 terrene
269 2818 418 2874 natiuitatis
432 2819 587 2873 uocabulum
599 2818 625 2873 in
637 2817 735 2872 divinat
748 2812 929 2888 generationis
978 2811 1085 2869 Patrem
1106 2812 1253 2885 ingenitum
1270 2826 1391 2884 asseram
1418 2818 1488 2887 qnod
1509 2819 1617 2890 quidem
1633 2835 1766 2891 nusquam

174 2910 230 2964 inxit
244 2911 405 2980 exemplum,
428 2909 519 2966 dicens
534 2926 541 2962 z
560 2909 601 2964 liu
620 2918 693 2963 utere
713 2918 773 2962 ente
792 2908 930 2978 ludicrum
978 2905 1106 2974 seriptum
1120 2905 1265 2966 ostensione
1279 2909 1396 2978 poterim
1407 2924 1457 2981 ege
1471 2909 1576 2967 l‘atrem
1591 2911 1675 2968 llenm
1690 2916 1766 2983 geui-

173 3000 253 3064 qnu'te
264 3001 349 3072 (Puni.
363 3017 417 3066 err,
431 2998 470 3072 3).
485 2998 554 3068 Quid
567 3000 672 3064 uenus,
688 2997 750 3068 quid
765 2996 927 3052 luculentius
978 3003 1064 3051 torem
1078 2995 1214 3067 appellare
1227 2997 1306 3065 ueiu;
1326 2998 1399 3070 quud
1417 3001 1545 3072 seriptum
1565 3017 1625 3059 esse
1640 3003 1766 3061 facillime

172 3087 222 3145 uitri
239 3092 359 3148 diuinitas
378 3091 482 3163 potuiti
501 3091 598 3161 quibus
613 3088 731 3154 indiciis,
752 3087 850 3158 quibus
865 3087 924 3142 eui·
939 3059 962 3124 C
976 3086 1176 3145 innumerae.
1191 3087 1362 3160 Respondeat
1373 3105 1438 3162 ergo
1451 3092 1515 3148 mibi
1527 3104 1615 3150 utrum
1630 3095 1764 3166 ingenitus

170 3188 266 3242 muium
280 3202 370 3244 rerum
384 3185 526 3255 exemplis,
538 3183 728 3254 proprietatem
743 3180 926 3252 generationis
976 3188 1004 3237 et
1023 3183 1128 3252 genitus
1147 3181 1281 3240 diuersam
1294 3194 1410 3255 possunt
1422 3183 1520 3243 babere
1539 3199 1673 3255 naturam,
1692 3192 1764 3260 qnod

169 3280 230 3340 ptuit
241 3278 379 3336 intimaret
393 3292 473 3348 quam
488 3284 516 3332 at
527 3290 611 3344 usqne
621 3273 655 3329 ab
667 3271 735 3329 uteri
748 3271 926 3341 appellatione
976 3284 1026 3329 uec
1040 3272 1068 3327 iu
1079 3273 1227 3346 ddumqtri
1239 3273 1346 3346 genitus
1360 3290 1413 3333 nnn
1426 3280 1529 3349 est‚qui
1541 3295 1574 3335 eu
1587 3295 1621 3337 ee
1634 3290 1771 3339 natusest.

168 3372 310 3442 euuipuum
325 3369 507 3439 compararint
520 3368 578 3422 lion
591 3366 653 3437 quia
668 3365 804 3433 corporeis
816 3378 925 3432 compo·
975 3366 1278 3435 poteritdemuustrare.
1294 3368 1407 3438 Quodsi
1422 3372 1473 3426 bne
1485 3373 1560 3428 lateri
1575 3373 1701 3439 voluterit,
1712 3376 1763 3430 mi·

166 3461 211 3519 sitns
221 3477 258 3523 est
270 3467 409 3531 membris,
424 3475 469 3518 aut
481 3461 613 3532 aliquibus
630 3453 710 3531 535
721 3467 827 3514 anuum
841 3456 924 3513 lieren·
974 3468 1021 3513 ror
1033 3457 1056 3513 si
1068 3459 1149 3515 tetius
1163 3469 1256 3516 contra
1271 3474 1301 3516 se
1311 3469 1413 3517 nature
1427 3463 1599 3520 reclamantis
1610 3466 1764 3522 testimonio

163 3557 236 3611 nentis
256 3557 408 3621 distinctus,
429 3552 476 3608 sed
489 3553 551 3623 quia
567 3565 617 3605 nos
637 3549 715 3603 aliter
730 3549 868 3603 ueritatem
883 3545 924 3602 di·
973 3564 1027 3606 uen
1048 3550 1216 3618 succumbat,
1235 3562 1296 3622 qnae
1308 3552 1375 3609 nibil
1390 3552 1462 3609 aliud
1482 3570 1560 3625 quatu
1576 3556 1601 3611 id
1615 3557 1686 3627 qnod
1706 3557 1763 3627 ipsa

161 3641 208 3700 tina
216 3646 395 3717 generationis
404 3644 496 3700 auditu
507 3643 605 3698 mentis
616 3642 754 3712 percipere
765 3653 819 3694 nou
832 3653 924 3707 posse·
973 3651 1014 3698 est
1029 3650 1148 3710 generat.
1170 3641 1224 3699 Sed
1238 3657 1289 3700 nee
1304 3643 1501 3702 calumnientur
1512 3661 1561 3701 nes
1575 3655 1689 3704 terrenae
1705 3650 1761 3705 eri·

157 3745 208 3802 ntis,
226 3741 276 3794 nisi
298 3740 406 3795 itumaui
425 3738 492 3793 utcri
507 3750 715 3806 provocaremur
734 3733 876 3801 exempl0;
894 3741 923 3787 ut
972 3731 1042 3802 ginis
1054 3733 1218 3788 noluissenti
1235 3735 1359 3806 erempin
1371 3753 1378 3789 :
1391 3735 1523 3806 adipsius
1538 3736 1634 3794 divinas
1647 3741 1763 3795 auctori·

155 3828 231 3899 tuebigi
249 3830 319 3884 ultra
340 3846 393 3883 nun
413 3837 514 3898 posset,
537 3827 570 3882 de
590 3825 638 3881 Dei
660 3826 808 3880 substantia
831 3833 921 3879 natum
974 3821 1035 3877 tatis
1049 3824 1231 3894 magisterium
1247 3840 1435 3881 recttrramus:
1452 3827 1514 3882 lieet
1527 3828 1584 3895 ipse
1598 3830 1682 3898 magis
1695 3831 1761 3886 iucl-

151 3932 297 3992 assequere
310 3914 923 3986 constatdePatrisuternprneesslsse.Perre
972 3907 1083 3969 labilem
1103 3914 1296 3984 omnipotentis
1316 3916 1364 3971 liei
1385 3915 1566 3980 nativitatem,
1586 3935 1618 3972 ex
1639 3921 1763 3975 inrrnranm

148 4010 337 4086 intimantem
358 4012 447 4078 video,
468 4026 593 4082 magnum
613 4009 695 4064 rebus
715 4007 780 4062 dare
794 4019 922 4076 compen·
971 4004 1151 4076 generationis
1171 4005 1366 4062 eeusttetndine
1381 4008 1522 4074 metiatur;
1538 4007 1667 4078 objiciens
1681 4010 1761 4076 liiin,

146 4101 205 4159 dium
226 4104 320 4159 nolunt
332 4120 339 4158 z
352 4104 375 4158 si
393 4103 466 4159 enim
483 4102 599 4155 latentur
613 4099 697 4154 Deum
718 4112 770 4151 nou
784 4097 921 4166 genuisse,
971 4096 1033 4167 qnia
1044 4096 1067 4151 si
1083 4104 1161 4153 natus
1175 4106 1227 4162 est,
1239 4112 1293 4153 nou
1306 4097 1356 4153 luit
1374 4108 1517 4168 antequam
1531 4107 1695 4156 nasceretur.
1711 4102 1760 4172 lgi-

143 4205 299 4265 mnestqua
312 4210 366 4250 non
378 4194 555 4250 conliteamur
576 4190 674 4247 Filium
689 4199 780 4244 natatu
793 4203 873 4245 esse:
889 4202 921 4246 ae
972 4194 1030 4253 tur,
1047 4183 1161 4256 aidini,
1184 4186 1284 4244 divinis
1304 4196 1347 4245 est
1366 4189 1568 4259 approbandum
1587 4193 1759 4260 testimoniis,

141 4284 173 4340 sie
185 4285 273 4340 omnis
289 4285 367 4340 euobis
379 4285 431 4339 crit
445 4283 583 4354 profligata
593 4282 742 4337 contentio.
971 4277 1079 4335 Putrem
1098 4288 1126 4336 et
1145 4280 1243 4337 Filiam
1263 4281 1343 4338 nnius
1356 4296 1416 4339 esse
1430 4290 1542 4338 tratura.
1566 4282 1604 4340 lie
1618 4283 1673 4340 nee
1686 4295 1761 4343 certe

169 4375 233 4431 muru
246 4383 340 4446 aperte
353 4385 462 4444 negant,
481 4374 545 4428 dnm
568 4372 644 4428 lateri
668 4371 804 4439 simulant,
827 4385 920 4426 rursus
933 4398 959 4461 ῃ
973 4369 1051 4427 Patre
1071 4372 1194 4442 legimus,
1215 4371 1319 4428 boumn
1332 4374 1455 4444 apostolo
1475 4383 1664 4433 contestante:
1680 4376 1759 4439 beer.

139 4464 282 4534 abiiciunt:
299 4464 366 4520 Cum
386 4472 468 4529 esset,
481 4474 559 4518 natus
574 4470 626 4528 est,
639 4478 673 4517 an
686 4477 746 4518 eum
762 4476 816 4517 neu
830 4461 921 4518 essctl
973 4464 1071 4534 iuquit,
1084 4466 1130 4520 lun
1144 4474 1192 4531 est,
1204 4475 1227 4520 et
1239 4466 1384 4522 tenebruir
1393 4483 1423 4522 eo
1436 4485 1487 4522 non
1499 4475 1558 4523 suut
1567 4469 1629 4524 alle
1643 4468 1669 4542 il
1682 4469 1760 4526 leant.

138 4555 213 4612 baete
226 4556 389 4626 objicerent,
399 4555 422 4610 si
433 4554 599 4611 nativitatem
617 4554 676 4610 Filii
691 4555 795 4624 penitus
807 4569 860 4611 nen
872 4569 920 4611 ne·
973 4564 993 4615 t.
1004 4549 1044 4618 5).
1059 4548 1142 4605 Filius
1157 4564 1221 4607 uero
1235 4551 1269 4607 de
1283 4565 1313 4608 se
1327 4552 1385 4622 ipso
1401 4553 1458 4608 ait:
1473 4551 1529 4625 Epo
1542 4568 1598 4608 sum
1612 4555 1658 4608 iun
1670 4553 1761 4625 (ioan.

135 4659 246 4719 went:
274 4649 362 4704 sulum
383 4646 417 4702 de
438 4647 602 4717 temporibus
623 4646 737 4715 questio
757 4656 920 4715 remaneret,
971 4657 998 4697 tt
1009 4657 1031 4708 r,
1044 4642 1100 4713 ii).
1115 4642 1143 4700 si
1155 4643 1234 4713 igitur
1249 4643 1294 4699 inu
1307 4643 1398 4711 Pater,
1408 4646 1452 4702 inu
1464 4646 1675 4717 illuscesceret
1685 4647 1762 4704 unius

133 4749 219 4794 utrum
232 4748 294 4794 aute
306 4747 464 4808 tempusue
475 4752 508 4793 ex
519 4745 641 4806 tenrpore
650 4738 729 4792 luerit
740 4746 830 4806 natus,
840 4753 920 4808 quem
972 4747 1032 4789 esse
1048 4733 1285 4799 substentandum
1295 4734 1364 4790 lueis
1374 4747 1403 4791 et
1412 4734 1478 4792 lueis
1489 4736 1594 4791 diversa
1608 4752 1662 4793 nou
1673 4747 1763 4806 potest

134 4836 219 4884 tamen
234 4839 326 4883 natum
336 4843 397 4883 esse
408 4828 556 4883 constabat.
565 4828 667 4883 btcum
678 4826 788 4884 omuino
800 4837 919 4897 paterne
972 4836 1033 4880 esse
1047 4833 1151 4891 natura,
1165 4824 1224 4894 ejus
1236 4824 1339 4879 seilicet
1348 4838 1408 4895 qun
1418 4824 1454 4880 de
1468 4825 1601 4896 regignit,
1615 4836 1642 4882 et
1654 4842 1714 4898 que
1728 4827 1765 4883 tia

132 4920 311 4989 garentinuis
325 4918 444 4974 adimant
460 4917 613 4985 ueritatem,
627 4934 675 4974 eur
686 4918 720 4975 de
734 4933 767 4975 ee
780 4920 920 4990 requirunt
973 4915 1099 4988 gignente
1111 4917 1213 4971 existit.
1228 4913 1348 4983 nectique
1360 4931 1395 4972 ne
1407 4916 1523 4988 aliquam
1538 4917 1681 4973 temeraria
1695 4933 1761 4987 pru·-

128 5008 235 5076 qusndo
254 5006 401 5064 nativitatis
423 5009 567 5080 sumpserit
585 5017 685 5076 ortum,
707 5025 786 5080 quem
809 5012 921 5068 omniun
972 5012 1125 5080 temptione
1139 5012 1209 5067 inter
1220 5012 1332 5083 Patrem
1340 5018 1368 5068 et
1382 5012 1480 5068 illium
1492 5013 1673 5069 diversitatem
1686 5023 1763 5066 natu·

129 5099 919 5174 benegmtnatumilerumtamcuneresponsiouisinupia
972 5104 1037 5159 ralis
1055 5103 1164 5158 luminis
1186 5103 1348 5170 introducat,
1366 5113 1484 5174 paterna
1504 5105 1571 5160 lueis
1590 5105 1760 5175 splendorem

129 5193 179 5249 ista
191 5195 340 5250 obtendere
354 5195 505 5266 uideamur,
522 5195 678 5265 quaestionis
692 5195 852 5251 solationem
867 5197 919 5253 isto
972 5211 1033 5254 esse
1046 5195 1143 5251 Filium
1158 5194 1297 5264 Scriptura
1312 5195 1431 5264 tradidit,
1443 5197 1535 5253 dicem
1549 5214 1556 5249 ε
1573 5195 1701 5279 Splendor
1715 5202 1761 5258 est,

128 5285 204 5340 initio
213 5285 328 5354 ordinis,
342 5286 383 5341 sie
403 5286 516 5341 similem
531 5295 558 5340 et
572 5300 620 5340 nes
633 5283 782 5340 relerentes
796 5286 919 5352 primitas
972 5288 1071 5358 iuquit,
1086 5286 1150 5341 lueis
1164 5297 1274 5350 oettrnoe,
1287 5297 1312 5342 et
1323 5289 1456 5354 speraium
1468 5289 1522 5343 riae
1532 5287 1630 5340 oracula
1643 5283 1690 5339 bei
1705 5301 1760 5337 nru-

127 5378 318 5447 qunstiouem,
332 5389 420 5433 utrum
433 5391 494 5432 eum
508 5376 588 5433 l‘ater
602 5385 673 5433 essct
685 5377 754 5433 bens
765 5376 859 5433 Filium
873 5394 919 5449 ge·
966 5379 1080 5450 instatis,
1093 5388 1116 5433 et
1129 5378 1213 5450 imaqo
1225 5380 1344 5436 lomentis
1359 5381 1431 5435 iltius
1442 5378 1519 5450 (Sap.
1532 5391 1579 5442 nu,
1589 5376 1635 5444 ab)
1650 5392 1656 5429 ι
1671 5375 1697 5431 in
1708 5391 1763 5442 qnu

126 5474 244 5538 aerarii,
258 5485 366 5525 aneu·
381 5470 617 5525 Paternonesset.
630 5467 917 5536 sinemurensem
971 5469 1121 5526 euidentius
1136 5476 1163 5525 ei
1177 5480 1328 5527 maternus
1340 5469 1423 5537 Patri,
1439 5476 1467 5524 ct
1480 5464 1666 5536 inseparabilis
1680 5481 1694 5519 n
1711 5466 1759 5520 bu-

126 5580 193 5635 ergn
207 5574 235 5620 ct
251 5563 359 5631 Filium,
371 5576 431 5617 cunr
446 5555 610 5618 essetl'ilins
622 5560 844 5631 generabimini
856 5575 917 5616 cum
970 5573 1023 5631 tre,
1048 5572 1076 5620 et
1094 5563 1173 5619 unius
1192 5578 1300 5619 cutmen
1322 5576 1382 5618 esse
1403 5568 1503 5615 naturae
1523 5558 1644 5614 cierentur.
1668 5558 1761 5614 linitus

125 5655 208 5718 l'ater
229 5674 285 5717 nnn
305 5667 393 5733 esset,
416 5657 565 5730 proiectum
587 5669 651 5726 crgo
672 5656 783 5714 benonis
803 5655 916 5727 aceepit,
971 5654 1043 5714 enirn
1069 5655 1096 5713 iu
1120 5655 1172 5713 bne
1197 5653 1272 5711 breti
1292 5651 1424 5710 versiculo
1448 5648 1587 5708 mtbolieu
1612 5648 1675 5708 lidei
1701 5665 1761 5721 pru·
