3816 6112
83 281 146 339 8⁰9
686 280 900 338 rttsssutltttts.
920 280 996 337 cul.
1017 279 1118 336 clatri.
1663 274 1716 337 tid

79 399 147 467 xiit,
161 407 190 454 et
201 396 280 455 simul
293 410 353 454 cum
373 411 406 453 en
425 396 496 468 quod
511 394 537 450 in
558 393 687 466 sepulcris
708 396 837 451 remansit
850 397 876 450 in
892 407 912 457 n
928 408 977 449 nec
990 407 1159 449 commonere
1173 391 1405 464 [commemorare]
1415 407 1458 449 me
1472 393 1551 465 piget,
1573 395 1719 453 confitente

78 489 221 560 spiritatis
232 489 354 560 eorporis
366 489 509 545 nouitatem
520 502 554 543 es
570 487 691 541 animalis
701 487 824 558 corporis
836 501 881 542 tc-
934 484 1094 554 Pirrpbyrio,
1116 492 1196 553 atque
1213 483 1239 537 id
1255 483 1371 539 oraculis
1390 485 1501 540 deorum
1521 500 1630 540 suorum
1654 501 1717 555 pro·

76 589 193 634 xnstate
207 587 337 635 motatum
358 586 480 647 resurget
502 578 704 646 incorruptione
725 586 806 647 atque
828 577 880 631 im·
934 575 999 630 bare
1012 574 1147 644 cupiente,
1158 574 1220 645 ipsa
1234 575 1341 630 numina
1355 578 1666 649 perborrescnnt:quem
1681 580 1720 634 sic

79 667 259 724 mortalitate
269 667 406 734 restitum,
418 666 466 722 sed
480 674 508 722 et
521 667 544 721 si
560 666 601 721 rel
616 664 780 736 casualiquo
795 665 879 736 grani,
934 665 1063 730 laudarit,
1075 674 1104 721 nt
1115 681 1176 721 eum
1189 675 1216 721 et
1232 667 1315 722 ileum
1330 667 1436 723 Patrem
1457 676 1484 722 et
1496 683 1586 738 regem
1601 679 1720 724 vocaret.

76 758 131 813 vel
149 758 321 814 inimieorum
336 758 500 813 immanitate
512 764 597 813 totum
611 756 717 825 penitus
728 765 883 813 conteratur
934 756 1011 810 austu
1024 755 1096 812 euim
1107 765 1135 810 ut
1144 755 1183 811 sic
1197 755 1370 827 intelligenda
1380 757 1434 811 sint
1445 771 1505 827 quae
1518 757 1590 827 prad
1602 759 1641 812 xit
1654 773 1722 827 qun·

76 865 113 919 jn
128 851 282 919 pulverem,
298 855 379 920 alque
394 847 525 913 inauras,
544 847 587 902 sel
602 848 628 902 in
639 861 722 916 aquas
732 846 883 916 dispersum
936 846 1016 902 modo
1029 846 1122 902 solunt
1134 845 1162 901 iri
1175 848 1220 916 qui
1237 847 1357 902 boccum
1372 848 1471 904 muodo
1482 864 1534 902 nou
1547 847 1723 903 crediderunt

72 949 223 1008 «prarunm
238 937 297 993 lieri
311 943 412 1006 potest,
423 949 553 1004 nunquam
563 947 624 991 esse
643 936 667 989 si
688 942 782 989 natura
794 934 884 990 onmia
935 935 1005 1005 quod
1021 936 1149 992 mundum
1171 935 1335 992 eruditurum
1355 951 1416 992 csse
1431 935 1562 1005 praedixit.
1579 935 1633 992 Cur
1646 937 1718 991 euim

75 1030 170 1084 anullo
180 1027 262 1084 modo
275 1026 395 1084 subtrahi
412 1026 510 1095 poterit
525 1025 724 1095 omnipotentie
734 1024 882 1093 Creatoris,
936 1043 988 1084 nou
999 1028 1203 1097 potiusitasicut
1213 1028 1361 1084 creditunrs
1371 1037 1515 1085 tantoante
1526 1028 1668 1098 pradictus
1679 1039 1723 1085 est

75 1119 139 1176 ned
155 1120 272 1191 capillus
285 1119 313 1174 in
327 1133 361 1174 eo
373 1116 468 1186 capitis
487 1130 541 1171 uon
556 1115 663 1185 peribit,
685 1114 817 1183 Eriterqu
830 1115 886 1183 spi·
936 1118 1061 1186 mundus,
1076 1134 1129 1175 noo
1142 1117 1210 1175 sicut
1225 1120 1379 1190 paucissimi
1396 1121 1525 1190 garriunt,
1537 1120 1582 1191 qui
1599 1121 1649 1177 lroc
1660 1134 1721 1176 cum

74 1213 155 1267 ritui
171 1210 280 1287 subdita
293 1223 357 1265 caru
370 1205 508 1279 spiritalis,
519 1204 566 1263 sed
579 1214 668 1260 tamen
683 1218 746 1260 caro
766 1220 818 1258 nou
832 1202 885 1272 spi·
937 1211 1037 1265 mundo
1050 1208 1120 1280 quod
1132 1208 1284 1265 crediturus
1298 1208 1441 1279 praedictus
1455 1217 1498 1265 est
1508 1209 1620 1267 eredere
1631 1211 1722 1267 nolue-

72 1305 185 1359 ritns:
202 1302 272 1357 sient
286 1301 361 1357 carni
374 1299 495 1355 subditus
508 1297 559 1354 tutu
570 1297 746 1367 spiritusipse
757 1295 886 1361 carnalis,
936 1299 1017 1354 runtl
1027 1298 1056 1355 Si
1069 1299 1140 1354 euim
1156 1307 1298 1371 propterea
1314 1300 1405 1356 dicunt
1422 1299 1476 1355 alio
1491 1302 1572 1355 modo
1582 1315 1642 1356 esse
1657 1317 1720 1357 cre·

69 1390 137 1448 ned
157 1401 250 1447 tameo
262 1390 373 1460 spiritus
388 1404 441 1444 non
454 1402 528 1444 caro·
541 1385 625 1457 Curius
637 1387 676 1442 rei
692 1386 822 1441 babemus
837 1381 885 1440 cs·
935 1391 1033 1457 denda,
1049 1405 1093 1456 ne,
1107 1390 1130 1444 si
1142 1389 1258 1446 dixerint
1275 1405 1343 1444 rnna
1352 1390 1583 1459 esseconscripta,
1597 1391 1722 1461 iujuriam

69 1482 280 1553 Wflmfflfflm
294 1479 320 1535 5¹¹
333 1488 433 1534 ΝΜ
444 1491 530 1548 ΡΨΜ
544 1475 726 1532 ἅθῐθῐῐῦῑῑίῐθ·
742 1474 800 1529 N⁰¹¹
813 1473 885 1528 essim
937 1483 1032 1538 iaciant
1048 1482 1087 1537 illi
1100 1481 1167 1551 Deo,
1180 1481 1224 1536 cni
1238 1491 1291 1535 tam
1307 1495 1430 1551 magnum
1449 1479 1590 1549 perbibent
1604 1480 1725 1536 testimo·

64 1571 245 1628 muudum
259 1583 380 1635 “melli
403 1567 453 1624 Μ
476 1568 567 1638 utique
589 1564 736 1621 ⁸⁰0⁰¹¹d¹¹¹¹¹
762 1565 885 1634 ‘viritim
936 1575 1021 1641 urium,
1037 1583 1136 1629 tantam
1150 1587 1261 1643 prorsus
1277 1573 1314 1641 ei,
1338 1574 1381 1628 rel
1405 1572 1485 1628 etiam
1508 1571 1658 1642 graviorem
1684 1572 1728 1628 la·-

64 1662 220 1718 amate·
232 1669 320 1727 enus,
330 1659 427 1730 qurum
441 1660 478 1713 dt
488 1655 652 1726 Apostolus:
674 1655 732 1710 uon
750 1655 823 1725 pont
839 1669 886 1708 vo·
936 1666 1012 1720 erum
1034 1665 1158 1735 injurium
1181 1665 1205 1720 ct
1233 1666 1311 1720 atriu
1334 1664 1426 1722 orcum
1451 1680 1511 1722 ene
1539 1665 1722 1736 intelligenda,

65 1752 127 1809 luis
143 1752 227 1824 loqui
240 1749 315 1822 quasi
329 1747 505 1820 spiritalibus,
521 1746 568 1803 sed
582 1746 658 1817 quasi
670 1746 832 1800 uaruulibus.
848 1745 881 1800 El
897 1757 985 1816 Boon
1005 1754 1075 1810 sieut
1090 1754 1204 1809 mundus
1217 1769 1248 1810 ea
1262 1753 1375 1810 eredidit
1386 1769 1464 1823 qoem
1478 1754 1641 1810 crediturum
1662 1768 1724 1812 essu

64 1848 178 1904 homo
195 1845 338 1916 spiritalis,
362 1843 403 1899 sic
424 1844 450 1897 ln
477 1843 526 1898 huc
545 1841 721 1906 ritadicrtur,
742 1851 770 1894 ut
795 1847 884 1894 umen
936 1843 1075 1913 laudarit,
1106 1846 1165 1915 ipse
1189 1844 1334 1914 promisit,
1361 1845 1418 1914 ipse
1444 1845 1600 1914 compleuit.
1625 1845 1723 1901 Verum

63 1952 213 2004 corpore
230 1937 317 1993 adbuc
329 1935 446 1992 earnalis
460 1933 505 2003 sit,
516 1943 543 1988 et
557 1931 648 1988 rideat
663 1931 742 1986 aliam
756 1931 843 2002 legem
858 1931 884 1985 in
936 1931 1011 2005 [Cur]
1022 1932 1094 1988 enim
1108 1948 1161 1988 nou
1184 1943 1272 2004 potest
1290 1933 1379 1990 lucere
1393 1944 1420 1987 ut
1434 1943 1555 2003 resurgat
1568 1947 1633 1989 earo
1645 1943 1671 1988 et
1686 1936 1726 1990 ri·

63 2030 228 2089 membris
241 2028 297 2084 suis
309 2032 501 2096 repugnantem
509 2022 562 2092 trqi
577 2019 675 2078 mentis
688 2034 756 2077 sue.
768 2019 828 2074 Erit
837 2033 885 2073 au·
936 2029 979 2075 rat
991 2021 1019 2075 in
1035 2029 1178 2089 aeternum,
1193 2037 1226 2077 an
1241 2029 1381 2092 propterea
1399 2022 1561 2078 eredendum
1576 2032 1685 2079 nonest
1700 2023 1726 2079 id

63 2134 142 2180 sem
162 2124 248 2178 etiam
262 2133 374 2190 corpore
388 2116 517 2187 spiritalis
530 2111 592 2171 cum
607 2113 701 2171 eadem
715 2126 778 2168 caru
791 2113 830 2167 sic
844 2126 887 2166 re·
936 2123 997 2164 eum
1010 2124 1070 2166 esec
1081 2112 1223 2176 iacturum,
1235 2113 1296 2182 quia
1319 2113 1419 2168 malum
1434 2121 1476 2169 est
1495 2121 1575 2183 atquc
1588 2113 1725 2184 indiguum

61 2210 217 2269 surrexit
231 2218 260 2265 ut
274 2211 321 2264 liat
334 2206 405 2278 quod
419 2205 549 2276 scriptum
574 2212 638 2259 est:
658 2201 812 2259 &minatur
826 2215 887 2257 cur·
938 2199 1015 2255 Duo?
1028 2201 1076 2256 sed
1090 2200 1124 2257 de
1136 2203 1329 2272 omnipotentia
1344 2203 1403 2271 ejus
1418 2217 1468 2272 qua
1483 2211 1520 2257 tot
1530 2211 1558 2258 et
1570 2211 1642 2258 taum
1664 2205 1728 2259 lucit

62 2318 139 2375 pos
152 2300 288 2366 animale,
299 2306 420 2370 resurget
433 2295 667 2367 mrpusspiritale.
678 2295 743 2362 Qun
752 2295 886 2349 sitantum
937 2289 1113 2358 incredibilia,
1125 2289 1183 2360 jam
1196 2292 1278 2348 multa
1291 2291 1417 2348 diximus.
1442 2293 1470 2348 st
1494 2293 1588 2349 solunt
1608 2295 1728 2350 inuenire

61 2405 214 2463 ecquam
225 2378 319 2462 maqna
328 2390 456 2460 spiritalis
466 2402 531 2458 corp
540 2387 585 2442 tris
596 2387 759 2460 qratia,quia
769 2385 886 2441 nondum
937 2380 1007 2449 quod
1021 2382 1190 2451 omnipotens
1205 2399 1257 2437 uon
1283 2390 1380 2452 potest,
1408 2382 1507 2439 babent
1533 2398 1655 2455 prorsus,
1678 2403 1729 2458 ego

60 2485 171 2541 venit
194 2484 225 2537 in
246 2481 471 2551 experimentum,
490 2491 585 2534 vereor
605 2492 640 2534 ue
661 2478 830 2533 temerarium
851 2475 887 2531 sit
938 2473 1025 2530 dicam
1038 2491 1046 2529 ε
1061 2476 1232 2532 lientirinon
1248 2486 1345 2547 potest.
1359 2476 1505 2533 Credamus
1518 2492 1582 2548 ergo
1595 2479 1666 2548 quod
1680 2493 1729 2549 po·

59 2588 178 2631 ocosse
190 2571 265 2644 qaod
275 2571 310 2627 de
322 2571 366 2626 illa
379 2571 513 2641 proiertur
523 2569 717 2640 eloquium-
731 2567 769 2622 Dc
779 2567 889 2622 noudum
939 2572 1007 2630 test,
1032 2582 1085 2622 non
1108 2567 1244 2623 credendo
1267 2567 1338 2639 quod
1363 2584 1416 2624 nou
1443 2579 1538 2639 potest.
1558 2569 1615 2625 Nun
1640 2572 1729 2639 itaquo

61 2665 217 2734 corporis
237 2661 379 2732 spiritalis,
398 2660 425 2715 iu
438 2677 489 2731 quo
502 2670 651 2715 serratorum
665 2674 724 2712 curo
736 2658 888 2714 mutabitur.
939 2659 1082 2717 credentes
1103 2660 1174 2732 quod
1191 2661 1296 2717 mentiri
1323 2663 1423 2730 possit,
1447 2661 1559 2717 credant
1582 2677 1644 2719 esse
1670 2663 1728 2719 iac·

64 2757 130 2813 Ex
145 2755 246 2811 eodem
259 2755 324 2809 libro
338 2754 370 2808 dc
384 2752 492 2809 Ciuitate
506 2752 556 2808 Dm‘
565 2748 748 2808 xxu.'-Cum
760 2752 818 2807 tuoe
828 2764 890 2822 pro·
941 2762 1043 2818 turum,
1066 2752 1137 2822 quod
1157 2767 1188 2808 se
1209 2752 1341 2808 iacturum
1353 2767 1413 2809 essu
1427 2756 1561 2824 promisit,
1577 2764 1604 2809 et
1616 2757 1656 2811 sic
1668 2771 1731 2810 eze·

61 2848 195 2905 missio
216 2845 406 2917 complebitur,
431 2846 496 2918 quid
515 2843 636 2902 eriurnsl
656 2847 749 2915 «quales
768 2845 890 2901 erimus?
940 2842 1022 2909 dant,
1049 2843 1118 2898 sicut
1139 2842 1165 2898 id
1188 2842 1303 2899 credidit
1324 2844 1440 2901 mundus
1462 2861 1541 2915 quem
1565 2846 1728 2903 crediturum

62 2956 154 3012 qum
172 2936 285 2993 bonain
300 2936 348 2992 illo
362 2938 711 3009 regnoaccepturisnmus,
725 2935 891 3008 quandoqui·
942 2931 1083 3002 predixit,
1112 2948 1190 3001 quern
1218 2932 1381 2989 crediturum
1406 2950 1466 2991 esse
1489 2935 1624 3004 laudarit,
1647 2952 1728 3007 quom

63 3036 156 3090 elem
173 3030 286 3087 Gtrristn
295 3030 427 3087 moriente
440 3044 489 3103 pro
505 3030 583 3087 nubis
595 3031 649 3087 tale
663 3029 717 3100 jam
733 3030 828 3100 pignus
846 3043 893 3083 ac·
941 3020 1104 3078 crediturum
1119 3036 1179 3078 esse
1201 3023 1332 3092 promisit,
1348 3039 1426 3094 quem
1441 3025 1589 3082 erudiisse
1609 3025 1665 3096 jam
1687 3044 1731 3081 irs·

66 3117 243 3190 tepimnsl
256 3118 346 3184 Qualis
367 3119 419 3174 crit
432 3117 542 3188 spiritua
564 3117 691 3186 bominis,
707 3119 808 3172 nullum
829 3131 888 3172 om-
902 3123 924 3183 (ζ
939 3109 1034 3167 tendit.
1050 3111 1106 3167 lloc
1130 3120 1218 3166 autem
1240 3112 1340 3167 malum
1365 3128 1426 3170 esse
1450 3115 1520 3169 uude
1544 3114 1731 3173 demonstrant

69 3214 164 3267 nino
177 3208 283 3265 babens
301 3208 408 3276 sitium,
424 3222 475 3264 nec
488 3207 539 3264 sub
550 3223 604 3278 quo
615 3209 714 3277 jaceat,
729 3208 837 3263 neceni
852 3223 893 3266 ce
942 3202 1249 3276 [demonstrationum
1260 3204 1435 3260 eritilliculls
1448 3209 1596 3278 corruptio,
1608 3212 1679 3277 quod
1690 3217 1733 3266 est

75 3303 163 3366 dat,
185 3309 344 3354 necunutra
366 3298 437 3365 quod
459 3297 556 3354 saltem
579 3297 748 3353 landabiliter
773 3298 892 3365 dimicet,
942 3293 1062 3364 corporis
1076 3295 1186 3349 malunt.
1209 3295 1352 3352 ilenrdine
1370 3296 1563 3354 elementorum
1575 3300 1733 3371 jarndispu·

73 3389 278 3469 maestissima
296 3390 395 3446 virtute
414 3390 566 3460 perlectus!
590 3391 690 3446 iterum
716 3392 751 3446 ibi
774 3393 894 3446 omnium
943 3387 1069 3452 terimus,
1083 3387 1117 3442 de
1131 3387 1190 3443 aliis
1202 3387 1338 3443 bominum
1351 3388 1512 3459 coorienturis
1523 3394 1589 3446 satis
1600 3393 1731 3464 diximus,

73 3488 219 3555 quanta,
239 3495 318 3550 quant
336 3481 470 3548 speciosa,
488 3495 568 3551 quam
583 3492 655 3537 certa
677 3481 812 3549 scientia,
836 3481 896 3538 siue
943 3484 1043 3546 quatita
1066 3478 1100 3531 sit
1115 3477 1203 3531 lutura
1223 3477 1250 3531 in
1270 3492 1383 3548 corpore
1408 3480 1602 3550 incorruptibili
1619 3482 1732 3539 inolitas

75 3586 201 3632 errore
218 3572 308 3641 aliquo
323 3570 367 3626 rel
384 3570 488 3640 labore,
501 3570 547 3626 ubi
562 3569 609 3626 bei
631 3570 760 3639 sapientia
777 3570 812 3626 de
836 3572 896 3641 ipso
945 3579 1043 3634 nrolus,
1054 3569 1088 3625 de
1098 3570 1237 3639 proesentis
1247 3571 1324 3626 bonne
1339 3571 1497 3629 valetudinis
1508 3581 1732 3645 temperamento,

77 3680 148 3722 suo
174 3663 254 3717 ionte
273 3660 419 3732 potabitur,
442 3675 503 3716 eum
517 3675 622 3716 summa
645 3660 772 3717 lelicitate
793 3670 820 3716 et
838 3664 897 3718 siue
945 3674 1005 3730 quse
1019 3662 1110 3731 utique
1125 3662 1197 3716 nullo
1212 3660 1292 3717 modo
1312 3662 1351 3717 illi
1372 3664 1552 3731 comparanda
1566 3676 1608 3719 est
1622 3666 1734 3723 immor·

80 3757 153 3812 ulla
165 3751 347 3808 dificultate!
361 3751 446 3819 Quale
463 3754 515 3808 erit
537 3765 634 3823 corpus
649 3751 720 3822 quod
742 3750 897 3806 omnimodo
946 3749 1052 3816 talitali,
1065 3751 1091 3804 iu
1102 3750 1170 3806 libro
1182 3754 1262 3805 tertio
1274 3751 1379 3807 decimo
1390 3752 1468 3821 satis,
1482 3763 1511 3807 nt
1523 3755 1632 3822 opinor,
1643 3768 1733 3812 osten·

81 3844 215 3918 spiritui
229 3843 376 3908 subditum,
386 3854 414 3898 et
426 3857 460 3899 eo
472 3843 637 3900 suldcieuter
653 3842 825 3906 rivillcatum,
839 3842 897 3897 nolo
946 3840 1046 3897 dimus.
1061 3840 1163 3913 Legunt
1176 3843 1313 3913 superiora
1332 3843 1423 3914 operis
1443 3844 1533 3914 tritius,
1558 3847 1602 3917 qui
1619 3849 1663 3904 rel
1679 3863 1731 3906 uon

85 3939 135 3994 lix
147 3936 292 3991 alimoniis
304 3935 449 4006 indigebit!
471 3933 529 3990 lion
544 3935 615 3989 enim
631 3933 758 4001 animale,
772 3933 820 3990 sed
843 3935 898 4006 spi·
948 3934 1082 4005 legerunt,
1094 3934 1136 3990 rel
1147 3934 1239 3990 solunt
1254 3937 1374 3992 recolere
1387 3936 1458 4007 qnod
1473 3936 1606 4008 legerunt.

87 4028 190 4084 simle
203 4024 266 4094 ecit,
281 4023 383 4081 babens
396 4023 504 4094 quidem
518 4025 617 4092 caruis,
632 4025 680 4082 sed
699 4024 759 4081 sine
773 4025 825 4080 ulla
839 4040 898 4081 car·
1223 4044 1337 4104 (Ἄρηϊ
1355 4046 1456 4104 cup·

89 4119 162 4175 '¹⁸¹³
178 4116 353 4188 ‘mmm
363 4115 549 4172 mmmm·
950 4138 1083 4206 Quomodo
1095 4138 1235 4211 Porplrprii
1248 4140 1363 4207 definitio
1377 4141 1458 4210 ipsius
1475 4140 1593 4200 Platonis
1607 4147 1732 4202 acotottia

400 4227 515 4286 CAPUT
533 4227 622 4285 cm,
1110 4214 1275 4277 decurratur,
1287 4226 1318 4264 es
1328 4210 1418 4265 eodem
1427 4212 1492 4268 libro
1507 4229 1575 4269 xxrr.

92 4316 149 4375 De
164 4318 312 4390 peruicacia
326 4319 494 4387 quorumdum
513 4321 558 4386 qni
570 4321 781 4376 rnomecuomm
800 4324 898 4388 cornia,
985 4301 1038 4359 50¹¹
1054 4302 1217 4374 P⁰¹l¹¹l¹¹l¹⁸
1235 4302 1565 4374 ai¹25¹¹1l¹¹5¹¹¹¹b¹¹²¹³0²¹i
1586 4307 1733 4374 ῦῑῑθῑὶῑῐῐιθ,

141 4405 236 4459 qinom,
245 4390 308 4444 sicet
318 4389 466 4460 predictum
485 4399 532 4458 est,
547 4399 613 4446 tottts
625 4391 735 4445 murudss
749 4393 899 4460 credintun-
950 4406 1047 4462 corpus
1065 4407 1126 4449 esse
1152 4406 1231 4449 omne
1253 4392 1423 4464 fugiendum.
1440 4395 1510 4453 tituil
1536 4412 1601 4469 erpo
1626 4402 1737 4468 prom-st

144 4470 277 4530 Wlffl-
336 4489 338 4492 ’
915 4469 962 4552 If(
977 4485 1038 4555 quia
1064 4484 1265 4555 incorruptibile
1288 4486 1405 4544 diximus
1427 4488 1545 4545 loturum
1571 4490 1690 4564 corpus)
1714 4495 1736 4548 si

145 4574 251 4628 Verum
272 4569 306 4628 de
329 4570 412 4628 animi
427 4573 505 4629 bonis
519 4572 615 4643 quibus
641 4582 702 4643 post
728 4573 797 4630 bauo
820 4573 901 4631 sitam
953 4575 1040 4629 anima
1056 4575 1130 4630 beata
1145 4589 1198 4631 non
1213 4575 1274 4642 erit,
1286 4577 1531 4646 nisiomnecorpus
1542 4579 1671 4649 effugerit.
1684 4581 1738 4638 Sed

92 4660 289 4722 beatissimus
300 4662 461 4733 pertinetur,
477 4677 530 4719 nou
542 4678 557 4717 a
571 4663 648 4719 nobis
666 4664 829 4720 dissentiunt
843 4666 902 4734 pbi-
951 4666 1006 4735 jnm
1021 4675 1047 4721 et
1063 4666 1125 4722 irinc
1138 4668 1163 4721 in
1177 4667 1246 4722 libro
1258 4677 1407 4724 memorato
1417 4683 1543 4738 qnantum
1557 4674 1675 4742 oportuit
1685 4674 1739 4728 ols-

90 4749 220 4827 losopbi
238 4751 361 4809 nobiles:
377 4751 412 4807 de
427 4753 902 4824 camisresurrectionecontenduut,
955 4756 1053 4825 putari.
1066 4755 1163 4811 Verum
1175 4755 1218 4812 bie
1229 4756 1381 4813 unumiude
1391 4769 1491 4815 motum
1502 4765 1738 4822 commemorabo:

91 4838 184 4902 lianc
198 4850 329 4914 quantum
345 4850 456 4912 possunt
466 4850 575 4914 negant.
591 4843 644 4899 Sed
657 4844 799 4902 eredentes
812 4846 903 4914 multi,
955 4844 1080 4902 emendet
1090 4846 1172 4903 libros
1187 4861 1251 4903 suos
1265 4848 1376 4904 istorum
1383 4851 1501 4907 omnium
1512 4855 1639 4924 magister
1653 4856 1738 4926 blato,

89 4944 246 5011 negantes
266 4935 440 5006 paucissimos
463 4935 643 5005 reliqueruntq
661 4944 689 4991 et
708 4936 742 4990 ad
755 4935 904 5008 Christum,
956 4945 983 4991 ct
1007 4937 1078 4991 dieat
1104 4952 1197 4992 eorum
1223 4937 1305 5004 deos,
1328 4948 1358 4994 ut
1378 4941 1446 4996 beati
1462 4942 1530 5011 siut,
1559 4959 1606 5000 sua
1626 4961 1739 5016 corporo

89 5030 152 5094 qut
171 5025 229 5081 hoc
246 5024 316 5092 qnod
338 5022 396 5078 istis
409 5023 515 5079 ridetur
536 5029 559 5078 al
570 5023 693 5093 strrdum,
709 5025 736 5080 in
750 5040 797 5080 sua
813 5040 905 5082 resur·
956 5027 1096 5096 trrqituros,
1112 5026 1138 5082 id
1152 5037 1204 5092 est,
1219 5042 1279 5085 esse
1293 5030 1450 5099 morituros,
1467 5035 1572 5103 quusln
1587 5038 1740 5094 rolesstbm

90 5119 240 5178 rectione
251 5114 419 5181 monstrarit,
434 5113 506 5170 irdcli
516 5113 599 5171 corde
617 5116 739 5170 conversi
753 5124 817 5171 sunt
832 5116 905 5172 docti
955 5115 1115 5185 corporibus
1131 5116 1198 5173 dixit
1210 5117 1339 5183 inclusos,
1356 5120 1453 5191 quibus
1475 5131 1564 5181 tamen
1579 5125 1673 5182 densa
1687 5143 1741 5198 quo

92 5220 133 5267 et
149 5205 274 5272 inrloeti,
287 5207 421 5277 sapientes
434 5206 524 5263 mundi
537 5216 564 5263 et
579 5205 746 5276 insipienter.
762 5208 818 5265 lioc
832 5209 904 5265 enim
955 5204 1018 5262 iucti
1032 5216 1104 5275 sunt,
1121 5223 1173 5278 quo
1192 5218 1300 5279 possent
1318 5224 1379 5268 esse
1392 5212 1479 5268 securi
1499 5214 1739 5279 immortalltateru,

96 5305 205 5362 eredit
220 5299 348 5368 mundus,
367 5300 439 5371 quud
462 5300 584 5371 predixit
596 5301 676 5369 licus,
691 5303 735 5372 qui
759 5305 840 5359 etiam
855 5304 905 5361 line
956 5297 982 5353 id
992 5306 1043 5367 est,
1056 5298 1083 5354 in
1096 5299 1197 5356 eisdem
1211 5301 1369 5370 corporibus
1376 5312 1503 5360 eternam
1511 5305 1736 5375 permansionem.

101 5392 259 5462 praedixit,
269 5390 339 5461 quod
353 5390 422 5446 bane
434 5405 491 5446 rem
510 5393 625 5448 mundns
640 5391 727 5448 iuerat
742 5395 903 5451 crediturus.
956 5406 1009 5447 non
1024 5407 1116 5449 eurum
1129 5403 1222 5449 natura
1238 5394 1263 5450 id
1280 5396 1357 5467 105
1371 5395 1495 5460 labente,
1511 5395 1559 5450 sed
1569 5398 1739 5452 suuoorrsiliu

107 5484 212 5559 ilique
235 5483 307 5537 enim
323 5479 394 5537 Petri
418 5481 742 5555 [Purplryriilmalellciiq
761 5498 820 5539 earn
844 5500 905 5540 curn
957 5484 1130 5552 praevalente,
1148 5484 1282 5553 promisit,
1304 5486 1347 5539 ubi
1361 5484 1443 5538 etium
1463 5484 1530 5539 illud
1553 5485 1648 5538 evertit
1670 5488 1740 5554 quod

112 5574 198 5635 lando
211 5571 380 5631 credentium
393 5581 469 5629 tanto
483 5582 546 5630 ants
558 5575 737 5644 praenuntiare
753 5578 907 5644 compulsus
957 5574 1058 5639 dicunt,
1070 5575 1242 5644 quoniamest
1252 5573 1436 5642 impossibilis,
1447 5572 1508 5627 ideo
1517 5576 1740 5631 resurrectionen

122 5663 451 5729 unttleestentmoenu,
467 5664 752 5734 quemsicutjamdiri
767 5667 907 5736 aliquoties
959 5668 1048 5723 carnis
1071 5682 1123 5723 non
1151 5681 1211 5723 esse
1229 5663 1401 5722 credendam.
1432 5664 1610 5734 Apertissinre
1633 5666 1741 5737 quippe,

310 5779 442 5842 lurion.
462 5779 558 5842 tcxlt.
1499 5777 1540 5837 til
