3774 6120
579 230 799 290 illustrans,
819 233 896 290 Cil‘.
917 235 1046 292 cxxxiv.
1578 249 1632 307 itt

100 349 161 416 ulo,
186 361 294 420 propter
309 349 375 405 tluas
391 360 480 421 partes
501 353 605 407 numeri
624 351 784 422 septenarii,
799 354 824 416 Α
839 354 917 408 rieul.
931 355 988 411 lloe
1000 357 1079 426 plane
1090 357 1209 428 piissime
1219 370 1247 416 et
1257 363 1396 420 verissime
1406 363 1484 436 dicis,
1494 381 1631 425 commen·

100 440 239 513 galicatur
264 441 422 512 plerumque
446 442 618 510 universitas,
641 457 701 514 qum
728 440 787 496 due
840 450 907 504 dans
919 466 1012 505 eorum
1028 451 1219 509 beatitudiuem
1234 457 1280 526 qui
1293 457 1408 529 diligunt
1419 459 1562 515 adveutum
1574 461 1630 514 llo·

100 532 146 602 ,Μ
168 542 229 600 ²⁸¹·
245 535 293 588 liii
310 542 337 589 0⁸
349 541 483 604 ill¹i²¹¹⁰ii
501 532 585 590 iiiiii
606 550 654 605 1³⁰¹*
676 533 786 589 “imm
839 546 915 614 utini,
928 546 977 603 sed
989 557 1015 603 et
1027 548 1065 604 illi
1080 547 1177 618 ouibus
1200 550 1307 608 dicebat
1325 535 1486 622 Apostolus:
1503 553 1562 610 Nou
1576 556 1630 609 cito
1657 556 1659 560 ‘

100 624 193 691 litii&
206 625 347 679 diffideciffl
360 624 469 680 sibilli-
483 625 549 680 Nili
563 636 590 680 ⁰²
601 634 696 695 quater
710 634 750 680 ier
761 632 789 679 θῑ
840 632 999 688 moveamini
1015 645 1116 701 mente,
1132 637 1207 707 quasi
1223 638 1304 695 instet
1325 639 1385 697 tlies
1401 642 1516 709 Dnm'ni,
1533 643 1629 713 dilige·
1664 633 1671 646 ²

100 730 158 775 ater
170 716 314 774 duodecim
328 726 401 784 sunt,
414 726 442 774 et
455 717 477 773 si
493 732 543 787 qna
557 717 608 772 alia
624 716 705 788 bojas
721 715 789 771 due·
840 725 903 779 liant
918 727 1009 796 utique
1028 727 1172 784 adrentum
1196 729 1313 796 Domini,
1333 746 1383 787 nec
1404 747 1452 789 eos
1465 733 1523 788 banc
1536 734 1630 789 dicens

120 810 227 868 canteri
248 825 308 880 tittae
322 808 355 864 td
378 809 429 864 boc
452 809 540 864 valeat
564 809 632 865 ratio
646 809 786 879 reperitur.
839 815 938 871 boctnr
948 817 1067 888 gentium
1081 818 1116 872 ab
1131 818 1176 873 illa
1197 819 1342 876 dilectione
1359 821 1506 892 frangebat,
1528 837 1581 893 qua
1601 832 1630 878 ιιι
1656 821 1658 827 ’

99 902 124 960 ln
137 905 264 975 quotiiam
284 901 309 955 iu
326 900 414 956 locum
434 899 511 957 iudae
533 901 670 956 traditoris
681 913 789 971 aposto·
840 907 1071 965 ivillammrrcutur
1084 911 1200 977 virlebal,
1216 922 1244 967 et
1258 912 1432 969 idronnlcbst
1447 923 1475 969 ut
1488 915 1631 971 crederent

100 996 208 1053 'ludim
229 993 342 1064 Ιθιιῑῐῦὓὸ
367 993 521 1049 “timidum
535 1035 544 1062 ι
563 995 701 1065 ³i⁰⁸¹⁰¹¹¹⁸
720 993 789 1049 Pau·
838 1004 878 1058 eis
892 1018 907 1057 a
921 1003 1020 1073 quibus
1034 1002 1178 1058 audiebant
1192 1002 1292 1059 instare
1301 1005 1370 1060 diem
1384 1006 1500 1071 Domini,
1515 1022 1549 1062 ne
1561 1006 1629 1062 lorte

100 1086 182 1160 ipius
197 1088 323 1142 omnibus
338 1087 391 1140 illis
405 1085 546 1154 laboravit,
562 1086 608 1142 ubi
622 1085 788 1157 adjudicari·
837 1108 899 1149 eum
926 1094 1067 1149 transisset
1091 1102 1198 1164 tempus
1222 1111 1275 1165 quo
1299 1111 1361 1152 euru
1380 1098 1550 1152 crediderant
1569 1113 1629 1154 ene

100 1178 175 1235 adest
197 1193 250 1232 non
273 1176 405 1232 lvnlrcbiti
432 1178 478 1246 qui
507 1178 628 1248 proiecto
650 1193 712 1233 eum
727 1177 788 1232 aliis
838 1193 1037 1253 reuturttut,et
1058 1189 1165 1241 vcuisse
1186 1203 1238 1240 rum
1259 1197 1413 1254 cernerent,
1432 1188 1512 1243 etiam
1532 1195 1628 1243 catera

115 1270 149 1327 *d
161 1286 301 1326 ”umerum
318 1270 439 1341 judicum
460 1271 641 1341 sepertinere
660 1272 789 1327 demons-
838 1277 970 1332 fallaciter
982 1279 1034 1333 sibi
1050 1279 1169 1346 promitti
1184 1279 1402 1343 a·bltrantes,·et
1420 1281 1453 1335 dn
1477 1282 1532 1350 ipsu
1556 1297 1628 1334 river-

102 1377 129 1419 ι
146 1359 231 1416 dicit:
245 1359 359 1415 Nescitis
378 1360 441 1429 quia
460 1361 573 1432 angelos
586 1358 788 1430 judicabimus?
837 1366 904 1423 cede
918 1367 978 1423 ttoet
992 1368 1178 1437 desperarent.
1191 1368 1248 1424 Non
1258 1385 1321 1440 ergo
1336 1371 1381 1426 illc
1392 1369 1475 1440 diligit
1485 1371 1628 1426 adrentum

100 1468 234 1525 squonue
247 1452 437 1524 judicandisin
450 1452 502 1509 lanc
517 1467 631 1509 numero
647 1453 786 1508 dundena-
838 1459 955 1524 bomini,
971 1459 1017 1528 qui
1037 1475 1098 1515 eum
1117 1461 1214 1516 asserit
1237 1462 1427 1529 prop‘npuore,
1449 1469 1496 1514 tut
1515 1460 1560 1515 ille
1583 1464 1628 1530 qui

100 1546 147 1604 iii!
160 1561 239 1602 ‘illst
253 1556 304 1601 0⁵¹·
316 1544 374 1600 N0¹l
388 1545 460 1600 enim
474 1545 535 1614 (luia
547 1546 648 1601 dietum
662 1555 704 1601 0⁸¹
717 1543 788 1612 jndi-
837 1568 898 1607 eum
912 1552 1009 1607 asserit
1024 1568 1077 1607 nou
1089 1554 1279 1624 propinquare.
1291 1554 1338 1608 sed
1351 1551 1358 1605 i
1372 1553 1395 1608 le
1408 1552 1497 1622 potius
1506 1554 1551 1622 qui
1567 1567 1628 1606 eum

103 1639 245 1697 duodecim
262 1638 346 1694 tribus
358 1638 451 1704 lsrael.
468 1638 553 1694 itibus
569 1639 642 1708 Leti,
658 1654 719 1708 euae
734 1649 788 1695 tet·
838 1645 895 1699 sive
910 1658 1004 1712 prope,
1018 1643 1076 1698 sive
1092 1643 1171 1713 longe
1183 1645 1230 1709 sit,
1242 1644 1396 1700 sinceritate
1417 1643 1490 1708 ildei,
1503 1642 1629 1698 lumitate

100 1737 154 1794 iura
168 1747 211 1792 est
224 1735 257 1791 ab
274 1735 313 1791 eis
325 1734 472 1805 judicanda
489 1749 543 1789 non
559 1735 621 1802 erit,
639 1742 687 1790 aut
700 1734 785 1790 solunt
803 1709 907 1803 Bspei,
921 1735 1017 1790 ardore
1028 1736 1167 1791 charitatis
1179 1745 1331 1806 exspectan
1346 1735 1440 1791 namsi
1457 1743 1531 1789 tanto
1543 1734 1629 1804 magis

100 1827 210 1898 npulum
222 1841 274 1880 nnn
289 1827 369 1882 etiarn
383 1833 477 1894 gentes
492 1834 605 1880 caeteras
614 1824 787 1895 iudicabunt.
838 1827 956 1898 diligitur
968 1828 1098 1881 Dominus
1108 1838 1209 1898 quanto
1220 1827 1304 1897 magis
1318 1827 1446 1893 creditur,
1457 1837 1485 1882 et
1498 1828 1627 1897 predica-

100 1928 185 1975 tntetn
211 1916 250 1970 nit
275 1916 303 1972 ln
336 1915 561 1986 regeneratione,
591 1914 789 1983 proculdubio
839 1926 882 1973 tur
904 1916 1213 1983 citiusesseventurus,
1235 1916 1321 1987 mtgis
1340 1932 1401 1972 eum
1418 1916 1561 1987 diligebant
1583 1917 1628 1986 qui

100 2022 167 2064 trrtm
179 2005 402 2062 resurrectionem
419 2005 527 2059 nomine
543 2003 629 2059 voluit
642 2018 787 2074 regenera—
838 2010 897 2080 ojus
912 2008 1056 2065 adventum
1067 2008 1124 2079 jam
1147 2010 1248 2066 instare
1262 2009 1399 2076 dicebant,
1419 2023 1498 2079 quarn
1515 2007 1541 2062 hi
1561 2023 1629 2078 quin

100 2097 217 2168 lutetugt.
237 2097 289 2154 Sic
307 2096 378 2151 enirn
391 2110 455 2150 turo
482 2105 573 2149 nostra
588 2094 789 2165 regenerabitur
839 2101 985 2172 Apostolus
996 2101 1036 2156 eis
1051 2098 1161 2157 eredere
1171 2100 1339 2171 probibebat,
1353 2100 1395 2155 vel
1406 2101 1462 2169 ipse
1475 2099 1628 2170 Apostolus,

100 2189 293 2260 orruptionem,
307 2186 532 2257 qrremadmodum
544 2196 586 2244 cst
595 2189 684 2244 anima
696 2197 788 2245 nostra
839 2193 883 2263 qui
897 2190 949 2246 boe
960 2191 1052 2258 utique
1062 2207 1116 2246 uon
1125 2192 1262 2248 credebat.
1275 2192 1303 2248 Si
1315 2207 1379 2263 ergo
1389 2193 1452 2248 latet
1463 2191 1569 2262 quando
1580 2191 1630 2245 Ec-

99 2292 157 2339 rata
166 2298 211 2352 per
222 2280 395 2335 ildemllulta
407 2278 790 2351 prtetcrenquaedeultimoju·
839 2282 920 2338 elesia
936 2281 1113 2337 ivuctlllrante
1124 2293 1205 2352 atquo
1218 2292 1358 2339 crescente
1368 2285 1507 2338 universus
1520 2283 1630 2338 omniuo

99 2371 370 2445 adiclggnidentur,
381 2380 409 2426 ut
418 2370 735 2442 diligentercnnsidcrata
744 2387 788 2426 re·
839 2388 853 2426 a
868 2373 934 2427 mari
946 2387 1030 2445 usque
1043 2372 1076 2427 ad
1091 2387 1165 2428 mare
1177 2373 1251 2428 orbis
1264 2374 1429 2444 implebitur,
1447 2374 1630 2442 proculdubio

100 2476 140 2522 tttr
152 2465 275 2534 ambigua
288 2502 296 2529 ,
309 2462 351 2517 vel
366 2463 450 2532 magis
465 2462 500 2517 ad
514 2464 587 2518 aliud
606 2463 765 2533 pertinentia
779 2506 787 2529 ,
840 2466 906 2521 latet
920 2463 1027 2533 ornando
1040 2463 1101 2520 linis
1115 2464 1176 2531 erit,
1192 2472 1254 2520 ante
1264 2466 1363 2535 quippe
1376 2480 1428 2520 nou
1444 2465 1504 2520 crit.
1529 2462 1562 2520 ilt
1580 2479 1629 2518 au-

100 2558 169 2617 ilicet
182 2557 215 2612 ad
226 2572 287 2612 curn
302 2555 450 2611 solutioris
463 2556 681 2623 adventumque
688 2570 735 2626 per
751 2563 789 2609 to·
842 2565 896 2613 turn
912 2557 959 2612 tibi
975 2566 1101 2629 tanquam
1115 2566 1207 2614 sancto
1219 2557 1320 2613 bonrini
1337 2559 1382 2614 Dei
1403 2566 1430 2613 et
1448 2557 1630 2613 sincerissimo

100 2664 124 2705 tc
142 2657 247 2717 tempus
262 2648 288 2700 iu
308 2647 427 2702 Ecclesia
445 2660 493 2700 sna
509 2649 597 2711 vertit,
614 2646 665 2701 boc
680 2655 741 2710 est,
762 2645 788 2701 in
841 2646 915 2703 lratri
929 2646 1047 2718 aperiam
1061 2646 1096 2703 de
1111 2649 1161 2703 bae
1174 2649 1322 2719 questione
1333 2647 1396 2718 quid
1409 2647 1521 2702 seutiam
1534 2662 1542 2701 a
1554 2661 1630 2700 error

100 2742 129 2800 it
137 2741 193 2797 suis
209 2739 386 2809 particulatim
398 2749 480 2808 atque
495 2738 624 2807 paulatim
636 2780 643 2802 ,
660 2737 788 2807 quioniam
841 2737 951 2809 quidem
967 2739 993 2792 in
1007 2750 1120 2809 utroque
1133 2738 1257 2794 vitandus
1267 2747 1320 2804 est,
1332 2748 1460 2806 truantum
1474 2737 1508 2790 ab
1522 2736 1631 2790 bomine

100 2845 168 2903 rpus
180 2841 221 2886 est
234 2830 309 2898 ejus,
325 2831 381 2885 sive
394 2828 428 2883 ad
441 2829 573 2884 excidium
586 2838 699 2883 terrene
712 2825 788 2882 leru·
841 2830 919 2886 vitari
932 2839 1028 2899 potest,
1044 2831 1103 2887 sive
1114 2831 1208 2897 citius,
1221 2832 1277 2887 sive
1294 2832 1394 2886 tardius
1413 2846 1491 2902 quam
1513 2828 1630 2884 loturum

113 2926 215 2997 quiret
231 2922 265 2978 de
282 2922 327 2976 iliu
344 2938 404 2977 cum
422 2922 555 2992 loquitur,
572 2921 730 2990 plerumque
749 2920 790 2976 sic
841 2930 883 2976 est
916 2920 1045 2976 Dominus
1077 2931 1206 2977 venturus
1232 2935 1293 2977 esse
1320 2923 1462 2987 credatur3
1493 2921 1539 2976 sed
1564 2920 1629 2975 milvi

100 3029 118 3071 u
132 3023 256 3083 tanquam
267 3014 300 3068 dc
314 3012 366 3068 fine
380 3013 469 3067 saeculi
484 3021 566 3081 atque
580 3011 627 3066 illo
639 3011 683 3067 die
693 3011 788 3082 judicii
841 3010 980 3082 quisquam
997 3028 1050 3066 uon
1067 3012 1170 3068 videtur
1184 3029 1275 3069 errare
1286 3029 1345 3067 cum
1362 3013 1463 3082 aliquid
1480 3013 1582 3067 rtescirc
1602 3027 1632 3066 sc

101 3118 148 3161 ttae
168 3113 197 3159 et
212 3118 308 3173 magno
333 3104 476 3172 loquatur,
494 3102 528 3156 ita
546 3111 574 3156 ut
593 3102 713 3172 dignosci
736 3118 787 3158 uon
801 3082 825 3144 c
841 3102 903 3169 scit,
918 3103 964 3158 seul
976 3119 1036 3157 curn
1046 3118 1074 3158 se
1086 3114 1160 3174 putat
1170 3106 1240 3160 scire
1250 3102 1321 3174 quod
1332 3115 1426 3158 nescu.
1438 3103 1633 3159 lientureamus

105 3192 234 3260 omnino,
255 3196 351 3249 nistra
370 3207 430 3264 qvia
452 3194 521 3264 apud
539 3203 595 3249 tres
609 3196 789 3265 evangelistas
841 3194 930 3263 itaque
944 3194 1080 3252 demedio
1094 3210 1200 3250 servum
1214 3195 1286 3250 illum
1304 3194 1411 3258 trinium,
1427 3195 1483 3265 qut,
1494 3194 1586 3249 diceus
1605 3192 1632 3248 iu

100 3301 158 3344 tunt
170 3328 178 3352 ,
191 3286 307 3342 blarcutn
319 3296 346 3341 ct
366 3285 482 3350 Lucam,
503 3284 537 3340 dc
555 3286 604 3340 itae
617 3301 646 3342 re
664 3285 790 3343 similiter
840 3287 993 3356 cordetuo,
1012 3287 1113 3345 ileram
1130 3288 1190 3344 iacit
1206 3290 1330 3344 domiuus
1346 3304 1422 3344 meus
1432 3288 1534 3357 venire,
1546 3287 1634 3342 domi·

100 3378 360 3436 antinterseomnia
373 3376 558 3433 conferantur.
574 3376 791 3449 Quadameuip·
842 3386 921 3433 natur
941 3381 1078 3434 conservis
1098 3381 1154 3435 suis
1168 3389 1196 3434 et
1210 3380 1325 3436 ebriosis
1347 3378 1515 3435 eouvirando
1537 3378 1634 3434 misce·

100 3470 277 3534 rnbsrurius,
288 3470 356 3525 alter
374 3470 488 3535 explicat
503 3471 624 3540 planius,
638 3481 669 3528 ut
683 3488 714 3529 et
730 3488 791 3544 quan
843 3478 895 3525 tur.
908 3472 961 3528 lste
973 3472 1074 3543 qnippe
1085 3479 1176 3543 procul
1190 3471 1270 3528 dubio
1282 3472 1387 3528 bontiui
1404 3472 1445 3527 sui
1459 3472 1518 3527 odit
1532 3469 1634 3526 stiven-

100 3579 130 3621 ιιι
144 3579 199 3621 rem
215 3563 374 3633 pertinentia
392 3562 517 3619 dicuntur
528 3574 657 3634 appareat
667 3565 792 3621 nodedi·
844 3571 898 3617 tum
921 3579 928 3614 ε
949 3577 1004 3632 quo
1026 3578 1105 3618 servu
1126 3564 1197 3617 malo
1217 3572 1335 3624 sevnoto.
1357 3563 1552 3617 eottstituamns
1573 3568 1636 3614 ants

104 3654 209 3728 ,quvvd
232 3653 320 3710 lacere
346 3665 480 3722 uteunque
509 3654 600 3710 eurnvi
629 3655 655 3710 in
675 3655 790 3726 quadarn
844 3654 937 3709 oculos
952 3662 1007 3710 tres
1029 3668 1123 3710 servos
1142 3657 1236 3719 bonos,
1254 3652 1379 3708 tantillam
1396 3652 1559 3707 dominicam
1579 3651 1636 3705 dili·

100 3762 219 3819 equam
243 3744 369 3815 rescripsi
388 3744 422 3799 ad
434 3745 519 3800 beatae
540 3745 680 3801 memorie
703 3748 790 3803 virum
844 3756 941 3818 genter
956 3748 1099 3817 sobrieque
1123 3754 1279 3813 tractantes,
1299 3744 1442 3800 adventum
1468 3741 1571 3796 Domini
1594 3741 1635 3795 sui

100 3838 316 3898 lurtSalonitanac
327 3837 400 3893 urbis
410 3837 576 3907 episcopum,
585 3836 661 3906 cuius
670 3837 792 3908 epistole
844 3841 968 3895 sitienter
980 3837 1177 3894 desiderantes.
1199 3835 1340 3906 vigilanter
1356 3841 1553 3903 exspectantes,
1571 3830 1636 3885 lide·

112 3937 176 3987 nst:
192 3929 230 3984 be
245 3927 310 3983 Fine
325 3926 426 3981 sectili.
844 3932 1047 3993 litersmanter,
1059 3929 1081 3982 si
1094 3941 1265 3982 etruscorum
1283 3926 1455 3989 citius,alter
1470 3922 1571 3977 tardius
1585 3921 1635 3974 llo-

267 4038 380 4095 ggpgp
393 4037 527 4094 cxxxiv,
845 4020 947 4076 ntitvnm
962 4026 1036 4089 putat
1049 4027 1274 4084 esseveuturnm‚
1295 4016 1390 4070 tertius
1413 4027 1477 4068 vcro
1501 4026 1577 4067 snam
1603 4011 1636 4065 dc

100 4146 155 4187 pm
168 4131 313 4201 opinatione
328 4131 405 4183 trium
421 4130 537 4193 fidelium
553 4144 683 4184 perpurum
695 4132 793 4185 mipgpp.
846 4113 896 4168 ¹180
926 4127 956 4168 Μ
981 4111 1159 4180 ignutmtiatn
1183 4108 1338 4164 buttstlelttr.
1364 4105 1521 4174 Quattqttttm
1542 4116 1637 4158 Omnes

103 4198 208 4255 Domini
232 4210 329 4271 ternpus
358 4204 538 4254 artitruntiunr
550 4240 558 4263 ,
572 4216 604 4253 en
629 4202 737 4272 epistola
759 4203 794 4255 ad
845 4212 998 4259 cottsonent
1010 4199 1239 4271 Evangelio,quia
1251 4212 1343 4253 ornnes
1355 4194 1469 4265 diligunt
1481 4190 1636 4248 manifesta·

100 4270 181 4328 imm
200 4271 342 4341 ‘ihs‘imm
363 4271 544 4326 &mmmm
560 4271 591 4325 ‘¹⁶
609 4269 676 4326 Μ
691 4274 790 4328 mundi·
847 4296 947 4352 tionem
970 4291 1084 4357 Domini,
1108 4301 1136 4347 et
1158 4305 1217 4345 eam
1235 4289 1419 4344 desideranter
1442 4295 1470 4340 et
1493 4285 1637 4356 vigilanter

100 4382 194 4455 rennos
209 4398 273 4453 ergo
285 4391 336 4446 est,
348 4393 374 4438 et
385 4384 580 4453 exspectandus
592 4386 709 4454 bomini,
725 4388 795 4444 sicut
847 4394 1012 4457 exspectant,
1028 4383 1166 4438 videamus
1185 4396 1272 4436 temen
1286 4378 1346 4450 iguis
1365 4377 1477 4448 amplius
1494 4382 1637 4432 crinsnuet.

108 4472 234 4538 boruris,
250 4473 389 4541 adventus,
407 4489 529 4542 magnam
545 4474 638 4532 dicens
661 4493 721 4534 esse
733 4480 796 4535 bea-
810 4458 838 4520 Ῑ)
850 4479 924 4538 littus
938 4477 1020 4533 dicit:
1037 4475 1183 4545 vigitemus
1194 4481 1222 4528 et
1236 4486 1355 4535 oremus,
1371 4469 1431 4540 qnia
1444 4468 1523 4525 citius
1542 4474 1637 4522 rentu-

100 4580 145 4623 sttt
169 4565 338 4635 diligentibus
361 4563 420 4634 ejus
434 4566 589 4634 adrentum,
613 4577 642 4623 et
662 4570 796 4628 adbibcus
849 4585 896 4625 rus
908 4577 951 4624 est
964 4567 1103 4624 Dominus.
1119 4566 1197 4621 aiter
1208 4563 1273 4619 dicit
1286 4581 1292 4616 :
1307 4562 1452 4628 virilemus
1471 4571 1498 4617 et
1517 4574 1636 4624 oremus,

100 4656 127 4712 tli
151 4657 348 4720 testimonium,
374 4654 450 4722 cuius
473 4657 552 4711 verba
571 4658 610 4714 sie
626 4661 702 4730 ponis
727 4677 734 4716 :
758 4661 797 4719 lie
849 4661 911 4731 quia
925 4657 1016 4715 brevis
1026 4665 1067 4713 est
1080 4658 1130 4712 ista
1144 4657 1208 4720 rita,
1220 4654 1341 4726 castrovir
1356 4653 1457 4707 tardius
1471 4651 1639 4706 renturnssit

100 4750 233 4818 »reposita
247 4757 287 4803 est
302 4746 366 4802 milti
381 4761 479 4802 corona
493 4749 710 4824 justitiaequam
729 4755 796 4811 red·
851 4751 991 4807 boninus.
1005 4748 1113 4805 'lortius
1127 4747 1211 4803 dicit:
1229 4745 1373 4817 vigilemus
1397 4750 1425 4798 et
1442 4755 1559 4808 orevuus,
1575 4743 1637 4811 quia

100 4840 130 4895 ,ti
144 4838 272 4895 Dominus
288 4838 376 4909 justus
396 4839 478 4909 juder
495 4839 521 4896 in
537 4842 583 4896 ilia
607 4844 659 4911 die,
677 4860 729 4901 non
750 4859 796 4901 sn·
849 4857 876 4899 et
890 4844 979 4900 brevis
990 4852 1018 4898 et
1030 4841 1130 4897 incerta
1145 4848 1187 4895 est
1202 4840 1250 4893 ista
1266 4839 1330 4904 vita,
1345 4844 1371 4891 et
1386 4835 1519 4890 ttescimns
1534 4841 1639 4903 ternpus

100 4941 164 4989 ttsnt
185 4931 261 4995 inibi,
274 4931 322 4986 sed
344 4940 371 4986 et
391 4931 431 4987 bis
455 4934 498 5003 uui
518 4934 633 5007 diligunt
652 4937 795 4993 adventurn
851 4936 958 5005 nutando
976 4944 1105 4990 venturus
1126 4932 1162 4988 sit
1187 4931 1327 4986 Dominus.
1351 4928 1525 4997 Evartgeliunv
1552 4924 1637 4981 dicit:

100 5020 306 5102 rhinocerote,
321 5027 389 5079 sicut
411 5040 443 5079 cn
469 5027 614 5098 Evangelio
637 5044 798 5087 commemo·
853 5028 956 5096 l'irlete,
971 5028 1088 5097 vigilate,
1101 5037 1126 5082 et
1142 5035 1231 5090 orate,
1247 5021 1357 5079 nescitis
1370 5021 1441 5077 enim
1454 5018 1561 5091 quando
1572 5026 1641 5072 tent·

100 5114 139 5170 nti
152 5114 289 5184 fulgebunt
302 5119 372 5172 sicut
382 5119 421 5174 sol
435 5119 461 5172 in
477 5134 561 5189 regno
581 5120 668 5179 Patris
683 5137 795 5191 eorum,
852 5138 900 5190 pus
915 5120 960 5175 sit.
971 5121 1090 5175 Obsecro
1106 5129 1142 5185 te,
1159 5115 1225 5187 quid
1238 5115 1309 5169 aliud
1323 5113 1413 5168 dicare
1429 5111 1552 5167 audimus
1566 5109 1636 5160 bunc

100 5206 258 5280 dpropbeta
271 5208 352 5263 dicit:
370 5211 437 5266 Ecce
450 5211 520 5266 enim
534 5209 620 5281 caligo
630 5220 658 5267 et
678 5216 796 5270 tenebrae
851 5212 976 5279 terium,
995 5225 1074 5279 priam
1096 5207 1167 5278 quod
1186 5207 1276 5263 dicere
1299 5204 1420 5260 audimus
1446 5196 1638 5268 Evangeliuvn:

100 5304 129 5354 nt
140 5304 238 5352 terram
258 5312 338 5367 super
350 5309 453 5368 gentes,
473 5298 499 5354 iu
525 5309 550 5355 te
572 5315 634 5355 vern
657 5306 796 5373 apparebit
851 5317 945 5359 tirones
960 5301 1068 5373 quidem
1089 5316 1138 5371 pro
1161 5299 1297 5357 desiderio
1312 5297 1386 5368 regni
1409 5295 1453 5350 bei
1475 5294 1526 5347 boc
1546 5289 1639 5345 volunt

100 5401 147 5454 rus,
158 5396 185 5444 et
199 5386 325 5457 majestas
338 5389 396 5456 ejus
409 5389 435 5442 in
451 5389 627 5447 irridebitur.
643 5391 709 5447 item
724 5394 795 5463 otrod
850 5413 911 5454 esve
933 5411 1027 5453 rerum
1041 5395 1111 5465 quod
1133 5402 1209 5466 putat
1232 5393 1344 5464 primus,
1365 5387 1412 5445 sed
1433 5387 1485 5442 bre
1505 5380 1639 5438 testaudus

100 5492 137 5535 ιι
150 5475 270 5544 οιιιοιιί
283 5493 347 5532 vero
365 5488 523 5549 exspectant
543 5480 685 5536 bertuinum
709 5485 798 5538 exsul·
851 5498 945 5560 negat;
966 5485 1061 5542 tertius
1080 5500 1144 5540 vero
1166 5499 1218 5539 non
1240 5490 1319 5550 ungat
1338 5476 1437 5547 aliquid
1460 5474 1566 5537 borum,
1590 5471 1638 5526 sed

100 5583 172 5625 ¹euin
184 5569 290 5632 virtute,
306 5569 454 5639 producent
475 5585 577 5640 penitas
599 5572 670 5627 εἱειιι
689 5574 797 5645 aquito,
851 5581 973 5653 ignorare
981 5593 1011 5634 sc
1024 5577 1121 5633 intetur
1134 5575 1193 5646 quis
1204 5587 1297 5630 rerum
1310 5572 1382 5626 dicat
1392 5567 1510 5624 illerum.
1522 5561 1640 5619 Proinde

100 5671 115 5716 ιι
126 5667 155 5716 rt
167 5674 220 5716 non
233 5658 403 5730 laborabunt,
420 5661 594 5717 atttbnlabunt
615 5674 640 5719 ει
664 5680 716 5720 non
737 5680 798 5723 esu·
850 5676 871 5728 si
887 5673 936 5728 buc
951 5670 1047 5727 lectum
1063 5668 1152 5732 luerit,
1172 5663 1242 5734 guod
1261 5660 1421 5734 predixerat
1443 5657 1558 5732 primus,
1572 5670 1639 5729 gau·
