3774 6120
199 265 249 318 tritt
728 252 759 306 tt.
782 249 943 308 ebulliit
964 249 1107 307 nttbdl'ls
1127 247 1286 307 tbblctltt
1785 252 1838 306 billi

198 378 255 432 siut
265 387 354 429 rerum
365 384 464 442 genera
475 383 534 440 quaa
550 367 688 433 videntur,
698 362 982 434 unomenrpnraliotn,
999 364 1165 428 A'irinitas.
1183 363 1224 418 nd
1245 377 1324 435 quam
1346 362 1489 419 ridendam
1512 364 1713 435 quantumlibet
1738 366 1764 421 in
1788 365 1838 422 bac

200 468 271 521 sicut
288 465 339 518 boc
359 463 457 518 caelum
478 472 506 516 et
528 461 586 515 bac
606 471 689 523 terra,
710 467 737 513 et
756 456 884 527 quidquid
908 456 935 509 in
950 456 990 510 cis
1043 454 1095 509 vita
1111 455 1292 525 proliciamus,
1317 454 1515 526 perspecolum
1538 456 1590 511 erit
1604 465 1633 512 et
1651 457 1680 511 in
1695 456 1837 527 enigmate

201 569 348 626 corporeus
369 567 465 609 sensns
484 553 573 607 cernit
589 560 618 606 et
644 547 742 619 tangit;
769 547 883 602 alterum
902 546 992 601 simile
1042 544 1113 614 quod
1132 544 1291 600 ridebimus.
1319 545 1386 600 Cum
1401 560 1466 601 nero
1488 545 1560 616 quod
1582 547 1609 602 in
1633 550 1837 604 resurrectione

200 624 397 715 corporalibus,
411 646 479 699 sicut
494 653 557 698 sunt
569 657 601 699 ca
613 655 673 712 quae
684 639 781 711 spiritu
795 639 911 710 cogitata
926 638 993 692 ima·
1044 636 1210 705 promittitur
1221 636 1343 707 spiritale
1360 652 1458 709 corpus
1478 636 1579 694 babere
1592 640 1770 709 coeperimus,
1783 643 1837 697 sira

200 739 334 808 qinarnur,
355 736 412 790 sive
434 733 587 799 recordata,
603 733 645 788 vel
666 730 760 791 oblita.
783 730 859 801 quasi
878 743 992 799 corpora
1043 726 1116 780 illant
1132 736 1232 793 ntentc,
1248 725 1305 782 sire
1317 727 1433 782 mirabili
1447 727 1540 796 modo,
1551 729 1680 798 quoniam
1694 729 1835 785 inellabilis

202 825 464 882 contuemurzundc
487 833 549 880 sunt
572 824 652 880 etiarn
677 823 793 878 visiones
814 837 874 893 quae
899 821 942 876 εει
966 821 993 876 in
1042 826 1085 872 εει
1104 818 1232 888 spiritalis
1247 817 1370 888 corporis
1389 820 1483 888 gratia,
1499 819 1581 875 etiarn
1605 835 1724 891 corpore
1746 821 1835 878 ridea-

203 920 318 987 somnis‚
337 920 379 974 tel
401 920 426 973 in
442 919 533 986 aliquo
554 916 653 973 mentis
667 929 791 980 excessu,
807 913 849 970 his
863 914 935 984 quali
953 912 992 969 lo·
1042 923 1113 974 mus,
1125 925 1177 965 non
1190 918 1279 965 brnen
1293 925 1342 980 per
1354 911 1473 965 locorum
1490 911 1640 976 intervalla,
1654 925 1706 968 nec
1722 913 1750 967 in
1765 923 1835 982 parte

200 1010 305 1065 calibus
326 1010 522 1078 quantitatibus
542 1007 719 1077 ingeruntur;
734 1006 841 1061 tertium
863 1005 898 1061 ab
919 1013 993 1059 utro·
1043 999 1188 1068 minorem,
1212 1002 1239 1055 in
1256 1010 1332 1070 parte
1350 1002 1491 1071 majorem,
1506 1005 1632 1072 quoniam
1648 1018 1704 1059 uon
1724 1014 1768 1060 εει
1780 1021 1834 1062 cor·

200 1118 252 1174 quc
265 1103 423 1167 discretum,
438 1100 509 1172 quod
521 1115 609 1170 nequo
621 1099 656 1153 sit
668 1111 779 1168 corpus,
795 1112 883 1166 neque
897 1097 993 1151 habeat
1044 1106 1092 1160 pus
1107 1099 1135 1146 et
1149 1092 1246 1161 ubique
1267 1101 1323 1146 tota
1345 1102 1398 1161 est,
1413 1108 1462 1163 pro
1482 1104 1571 1149 nostra
1593 1095 1747 1165 capacitate
1766 1098 1834 1153 vidc-

202 1196 284 1249 ullam
309 1192 509 1248 similitudinem
534 1191 668 1260 corporis,
683 1189 763 1245 sicuti
786 1198 828 1244 est
851 1188 992 1257 sapientia,
1044 1184 1143 1240 bimus.
1155 1184 1232 1250 Quod
1244 1198 1310 1240 vero
1322 1185 1433 1255 posuisti
1447 1187 1473 1240 iu
1486 1186 1600 1257 epistole
1615 1188 1767 1254 tua,videri
1779 1189 1833 1260 tibi,

201 1299 262 1354 qua.
279 1293 370 1338 mente
391 1283 533 1336 intellecta
551 1281 726 1350 conspicitur,
742 1288 769 1334 ct
795 1278 821 1333 in
838 1279 915 1346 cujus
934 1278 994 1333 luce
1044 1276 1086 1331 vel
1103 1275 1276 1346 potiusquod
1296 1276 1437 1332 ridebatur
1453 1277 1510 1345 tibi,
1535 1278 1601 1332 nibil
1622 1280 1714 1333 tirum
1739 1293 1833 1336 sccun-

202 1375 236 1429 de
252 1374 294 1429 bis
308 1373 432 1427 omnibus
446 1373 576 1428 veraciter
587 1371 733 1442 judicatur.
750 1371 778 1425 ln
791 1371 846 1442 26
859 1385 912 1440 quo
925 1369 993 1424 isto·
1043 1366 1106 1422 dum
1131 1367 1308 1422 substantiam
1329 1369 1419 1425 inesse
1438 1370 1565 1438 iristitia3
1587 1369 1705 1438 ideoque
1731 1380 1759 1426 te
1782 1385 1833 1428 non

203 1479 262 1518 rum
277 1477 376 1533 genere
400 1462 564 1518 credendum
586 1473 628 1517 est
651 1476 713 1518 esse
727 1460 804 1516 istam
818 1475 898 1531 qnam
914 1475 993 1516 nosse
1045 1474 1124 1528 posse
1146 1459 1232 1515 adbuc
1251 1461 1349 1530 licum,
1363 1461 1388 1516 id
1402 1469 1444 1517 εει
1463 1462 1596 1518 virentem
1619 1473 1747 1518 naturam
1760 1465 1834 1533 iustr-

203 1555 337 1620 volumus,
350 1554 528 1609 Trinitatem?
548 1553 671 1608 l‘rolecto
686 1561 732 1608 aut
745 1553 771 1607 in
789 1552 890 1620 aliquo,
905 1562 951 1606 aut
966 1553 993 1607 in
1046 1550 1089 1604 tine
1103 1550 1218 1606 similent
1234 1552 1352 1621 cogitare
1368 1569 1375 1605 ε
1391 1553 1453 1622 quia
1473 1552 1587 1622 justitia,
1602 1553 1674 1610 sieut
1687 1554 1768 1620 dicis,
1786 1570 1833 1610 non

204 1647 287 1700 rrutto.
303 1646 331 1700 st
350 1647 376 1700 tn
391 1647 540 1717 aliquast>
562 1648 654 1717 ntique
673 1645 744 1715 qnod
760 1655 801 1702 cst
817 1646 875 1701 attis
890 1647 993 1701 duobus
1046 1640 1071 1694 tn
1087 1655 1128 1706 se,
1146 1641 1193 1697 ted
1217 1642 1243 1696 ta
1258 1642 1336 1698 nobb
1350 1640 1428 1707 viret,
1444 1643 1498 1698 tna
1521 1644 1608 1712 portua
1621 1660 1673 1700 nos
1687 1645 1831 1700 secrodunt

204 1737 386 1805 praestantius,
401 1737 521 1791 ticrttest
531 1734 677 1807 Sapientia.
693 1734 769 1800 brioci
783 1735 806 1790 si
816 1734 919 1789 tionum
934 1735 993 1806 cius
1009 1755 1033 1814 B
1047 1731 1118 1785 illam
1133 1732 1260 1798 titianus.
1274 1731 1330 1802 lpta
1351 1747 1416 1788 tero
1439 1748 1487 1804 per
1504 1748 1534 1789 εε
1544 1734 1648 1804 justitia
1668 1749 1832 1805 nequaquan

203 1826 230 1880 in
251 1826 327 1880 nobis
342 1836 394 1892 εει,
409 1835 435 1880 ει
457 1827 545 1880 urinus
569 1837 702 1894 estquem
716 1824 762 1878 illa
783 1838 887 1878 summa
907 1833 934 1880 et
953 1826 994 1879 in·
1049 1823 1113 1876 vivit
1126 1824 1178 1877 :ad
1192 1823 1285 1879 bocut
1300 1822 1347 1878 tibi
1361 1823 1420 1889 ipsc
1439 1824 1612 1893 respondeas,
1634 1826 1701 1881 illud
1719 1826 1830 1892 intuere,

205 1916 403 1971 coturnatabilis
423 1932 482 1985 quae
496 1916 544 1971 Dei
565 1916 697 1985 sapientia
712 1916 822 1981 dicitur,
839 1924 902 1985 puto
922 1916 994 1986 quod
1047 1919 1228 1968 utrumreete
1248 1912 1301 1968 dici
1324 1914 1419 1982 possit,
1442 1915 1524 1969 vitatu
1543 1915 1627 1986 ipsam
1655 1930 1709 1970 non
1735 1917 1832 1983 virere,

204 2024 258 2074 nop
275 2009 405 2063 debemus
419 2007 491 2062 dono
505 2023 555 2062 suo
575 2008 687 2062 inlerios
701 2005 819 2077 cogitare
837 2007 992 2062 donantem.
1047 2016 1097 2071 out
1114 2004 1143 2056 tit
1165 2013 1193 2057 nt
1206 2004 1278 2058 vitat
1299 2002 1426 2074 quidquid
1442 2018 1494 2060 nou
1516 2005 1586 2060 laiso
1604 2005 1719 2063 dicimus
1737 2009 1832 2064 rivere.

205 2098 234 2152 Si
248 2107 337 2152 autent
349 2098 444 2167 aliquis
459 2098 586 2166 splendor
605 2098 662 2165 ejus
676 2093 703 2151 in
717 2096 857 2163 nobisest,
873 2111 932 2167 quac
944 2111 992 2152 no·
1047 2093 1114 2147 Puto
1129 2094 1199 2148 enim
1220 2094 1364 2150 absurdum
1380 2095 1426 2150 tibi
1441 2095 1536 2162 rideri,
1556 2106 1585 2150 ut
1600 2111 1648 2165 per
1668 2097 1751 2152 ritum
1765 2099 1832 2153 tira-

204 2195 261 2242 slra
276 2187 407 2256 sapientia
427 2186 534 2252 dicitur,
551 2194 787 2256 quantumcunque
800 2187 857 2254 cius
873 2199 919 2254 per
933 2199 994 2256 spe·
1047 2192 1099 2248 tur,
1115 2192 1143 2237 ct
1162 2183 1214 2236 rita
1229 2197 1282 2238 non
1303 2185 1385 2239 vivat.
1402 2185 1496 2252 Porro,
1517 2187 1540 2241 si
1555 2186 1608 2241 rita
1623 2187 1684 2258 ipsa
1702 2190 1833 2259 praecipua

206 2279 296 2334 culum
307 2288 334 2333 ct
347 2279 372 2332 in
387 2278 527 2346 aenigmate
539 2292 636 2347 capere
649 2290 801 2348 possumus,
817 2283 922 2345 oportet
935 2289 994 2331 eam
1045 2274 1122 2340 tivit,
1142 2290 1193 2345 qna
1207 2275 1272 2330 tivit
1294 2289 1373 2332 omne
1393 2276 1466 2347 quod
1485 2276 1558 2342 vivit,
1582 2278 1687 2343 recole,
1709 2280 1831 2348 obsecr-n,

204 2380 233 2425 et
247 2368 281 2424 nb
293 2369 417 2424 onmibus
428 2367 587 2436 corporibus
605 2377 633 2423 ει
647 2368 681 2422 ab
703 2366 829 2422 omnibus
850 2379 993 2435 corporum
1045 2378 1112 2434 quas
1125 2364 1197 2418 dicat
1215 2365 1350 2436 Scriptura
1364 2367 1451 2421 divina
1472 2369 1574 2421 animas
1589 2379 1729 2436 mortuas,
1744 2371 1831 2439 prole-

104 2502 120 2516 .
204 2458 424 2513 similitudinibus
439 2465 625 2514 secernamus.
638 2460 665 2513 Si
681 2469 770 2513 autent
790 2458 817 2513 in
838 2457 912 2513 nullo
927 2458 987 2513 isto·
1045 2465 1090 2509 cto
1112 2454 1232 2510 invenies
1255 2455 1377 2525 injustas,
1406 2456 1513 2526 impias,
1531 2454 1668 2524 iulideles;
1690 2473 1753 2513 nam
1777 2459 1832 2514 licet

204 2563 263 2602 rum
275 2562 375 2618 genere
388 2560 448 2601 csse
463 2547 580 2616 putanda
595 2557 636 2602 est
649 2547 699 2601 ista
711 2546 840 2613 Trinitas,
856 2555 883 2601 ει
900 2546 995 2602 siccat
1045 2558 1092 2613 per
1115 2545 1175 2602 illas
1196 2547 1287 2600 vitant
1308 2561 1421 2616 corpora
1442 2549 1596 2618 implorum,
1620 2549 1657 2605 de
1675 2551 1774 2620 quibus
1796 2552 1832 2606 d?-

204 2638 345 2694 intislbilis
357 2646 386 2692 ut
396 2652 446 2692 nec
459 2646 551 2693 mente
563 2637 692 2704 videatur,
707 2637 792 2693 multo
804 2638 891 2692 miuus
902 2638 993 2708 hujus·
1044 2645 1117 2691 ctum
1138 2645 1189 2702 εει,
1214 2638 1285 2707 qood
1308 2641 1405 2694 mortni
1428 2633 1559 2709 sepeliant
1577 2651 1701 2697 monitos
1719 2657 1795 2709 suos,
1808 2653 1834 2699 ει

204 2729 276 2785 modi
287 2728 441 2798 opinionem
455 2729 554 2784 babere
567 2729 707 2797 debemus,
723 2737 751 2785 ut
762 2745 821 2785 eom
842 2730 921 2786 rebus
932 2744 994 2787 cor·
1046 2733 1081 2786 ibi
1096 2732 1282 2803 intelligantur
1295 2733 1375 2788 etiarn
1394 2735 1491 2804 iniquae
1509 2735 1607 2791 animae
1626 2749 1681 2790 nott
1701 2751 1766 2792 esse
1779 2737 1833 2794 sino

205 2819 351 2889 poralibus,
368 2821 410 2874 εει
427 2820 608 2888 corporalium
624 2836 714 2876 rerum
730 2821 900 2894 imaginibus,
916 2824 992 2879 simi·
1043 2826 1130 2896 aliqua
1146 2826 1214 2891 rita;
1230 2841 1318 2895 neque
1340 2826 1411 2881 enirn
1434 2827 1512 2882 aliter
1533 2841 1567 2882 ει
1583 2827 1624 2882 ειε
1648 2839 1761 2897 possent
1777 2844 1832 2884 cnr-

206 2913 257 2969 lem
273 2926 333 2969 esse
344 2913 496 2967 credamus.
515 2912 574 2967 Non
587 2913 658 2967 enim
671 2928 783 2984 corpora
795 2915 993 2984 pulchritudine
1043 2932 1107 2987 pora
1121 2919 1223 2985 virere,
1241 2919 1292 2973 nisi
1306 2920 1484 2990 qualicunque
1497 2921 1563 2985 rita,
1579 2935 1631 2989 qua
1652 2923 1764 2977 omnino
1776 2923 1831 2977 ani·

205 3003 340 3059 molisaut
361 3002 546 3074 magnitudine
565 3013 686 3073 superat,
711 3003 758 3060 scd
774 3004 991 3062 dissimilitudine
1043 3023 1094 3062 ntae
1119 3023 1212 3064 carcre
1236 3025 1289 3064 nou
1312 3019 1435 3080 possunt,
1456 3010 1527 3067 unde
1553 3012 1721 3068 immortales
1742 3018 1832 3068 merito

204 3111 236 3150 tc
250 3095 427 3165 disparilitate
450 3104 569 3159 naturcc3
583 3104 610 3150 et
624 3095 648 3150 si
667 3095 784 3150 discreta
804 3104 870 3151 esta
883 3110 991 3166 compa·
1004 3128 1028 3194 c
1044 3111 1188 3168 vocantur;
1207 3115 1259 3156 non
1272 3103 1408 3159 tamenab
1429 3102 1500 3158 aliod
1516 3103 1613 3159 amissa
1622 3104 1731 3174 justitia
1742 3105 1831 3162 dicun·

205 3191 308 3242 rrrtionc
321 3188 449 3242 bonorum
468 3186 550 3240 animi
566 3187 661 3252 nostri,
671 3188 758 3259 qualia
772 3198 836 3242 sunt
848 3189 988 3257 sapientia,
1044 3199 1088 3246 tur
1103 3201 1226 3258 mortuae,
1237 3192 1289 3247 nisi
1305 3194 1367 3264 quia
1380 3202 1409 3250 ει
1425 3197 1585 3262 animarum,
1600 3194 1667 3252 licet
1677 3197 1830 3253 immortali·

204 3281 231 3347 ju
249 3280 315 3344 titia,
331 3278 458 3344 charitas,
472 3276 591 3342 castitas,
602 3283 629 3332 et
649 3286 747 3333 caetera
762 3279 836 3342 talia,
852 3293 912 3346 quae
925 3293 988 3349 pro·
1042 3290 1083 3336 ter
1095 3284 1147 3337 vita
1159 3283 1337 3354 qualicunque
1355 3284 1514 3353 nitentium,
1533 3286 1624 3342 terior
1640 3295 1670 3343 et
1680 3289 1768 3358 major
1781 3289 1830 3342 rita

206 3371 275 3423 lecto
290 3382 342 3423 non
356 3367 426 3423 mole
441 3367 562 3436 corporis
577 3366 729 3436 pendimus,
747 3382 795 3422 tec
810 3382 903 3422 eorum
914 3368 990 3437 quasi
1039 3373 1142 3440 iustitia
1156 3384 1207 3440 cst,
1224 3382 1349 3441 tanquam
1365 3376 1416 3430 rita
1430 3378 1555 3443 tibrum,
1577 3392 1640 3448 quae
1656 3392 1719 3436 cum
1738 3381 1793 3435 siut
1806 3383 1828 3434 in

203 3472 347 3526 corporeas
376 3457 475 3512 lormat
503 3455 665 3525 cogitatione
691 3457 856 3524 figuramus,
885 3458 932 3513 sed
957 3471 990 3514 ca
1041 3463 1304 3530 corporibus,ctiam
1327 3467 1385 3536 ipsa
1407 3482 1522 3537 corpora
1545 3471 1695 3538 nivasunt,
1711 3486 1772 3541 quaa
1789 3485 1828 3542 per

203 3549 311 3619 quando
325 3559 398 3605 recte
416 3548 599 3618 intelligimus,
624 3548 683 3603 sine
704 3549 793 3618 aliqua
814 3549 990 3616 corpulentia,
1041 3555 1129 3624 scipsa
1152 3557 1243 3611 rivere
1264 3569 1410 3631 nequeunt.
1434 3559 1605 3632 Quapropter
1618 3563 1643 3619 εἰ
1660 3564 1761 3622 animae
1782 3581 1827 3622 troo

205 3642 247 3695 ccl
269 3640 446 3695 similitudine
459 3640 633 3710 corpulentiae
655 3640 683 3694 in
703 3639 763 3696 luce
783 3640 879 3695 mentis
895 3640 990 3710 aspici·
1043 3653 1153 3712 possunt
1167 3645 1217 3700 nisi
1237 3647 1317 3702 etiarn
1340 3648 1367 3702 in
1389 3649 1486 3720 scipsis
1499 3660 1634 3723 utcunque
1655 3654 1760 3721 virere,
1774 3657 1829 3726 quia

203 3748 281 3803 mus3
295 3747 394 3804 quanto
408 3740 450 3789 est
462 3732 496 3787 ab
513 3733 632 3787 omnium
647 3733 803 3803 qualitatum
819 3744 847 3789 et
858 3734 991 3803 quantita·
1041 3749 1074 3790 er
1088 3735 1127 3790 cis
1140 3736 1232 3791 vitent
1246 3748 1273 3793 et
1285 3752 1409 3809 corpora,
1435 3754 1451 3795 a
1465 3741 1562 3810 quibus
1586 3742 1697 3800 deserta
1717 3746 1828 3805 moriun-

201 3837 260 3882 tum
276 3826 455 3895 corporalium
475 3825 675 3894 comparatione
689 3825 849 3881 discretior?
864 3826 921 3881 Non
932 3840 991 3881 eam
1043 3836 1095 3890 tur,
1111 3837 1211 3896 quanto
1231 3828 1315 3899 magis
1330 3843 1392 3884 tera
1403 3829 1508 3900 lustitia
1531 3832 1625 3901 etjam
1640 3835 1666 3888 in
1688 3837 1777 3906 seipsa
1792 3838 1827 3892 rl·

202 3928 294 3971 tamen
309 3932 324 3970 a
338 3927 432 3970 nostro
444 3915 581 3971 intellectu
597 3918 706 3972 omnino
718 3916 865 3972 abhorrere
880 3919 992 3985 Apotto
1041 3930 1105 3972 vere
1121 3919 1297 3989 intelligenda·
1309 3930 1360 3987 cst,
1389 3936 1423 3976 ex
1436 3937 1487 3991 qua
1510 3924 1549 3978 sic
1563 3927 1662 3981 vivunt
1684 3929 1790 3996 animat,
1804 3938 1828 3984 ut

203 4015 245 4065 lus
260 4013 335 4067 testis
346 4020 399 4075 est,
419 4012 463 4066 ubi
481 4013 516 4065 ait
530 4010 692 4065 :lnrisibilia
707 4013 778 4066 enim
791 4012 849 4081 ejus
862 4025 878 4065 a
892 4013 993 4066 consti·
1043 4009 1093 4063 bac
1107 4011 1204 4065 amissa
1220 4022 1333 4067 mortue
1345 4024 1548 4085 nuncupentur,
1563 4018 1688 4086 quarnris
1698 4022 1828 4091 quantula·

203 4106 308 4161 tutione
321 4104 411 4159 rnuntli
428 4120 476 4173 per
490 4119 521 4159 ca
543 4119 603 4173 quae
618 4104 686 4159 lacta
700 4111 762 4158 sttnt
776 4102 911 4158 intellecta
928 4118 993 4159 con·
1042 4118 1146 4174 cunque
1160 4107 1214 4159 rita
1237 4119 1290 4161 non
1313 4107 1439 4163 desinant
1452 4110 1552 4167 virere.
1573 4111 1609 4165 Ea
1635 4128 1718 4180 porro
1734 4114 1830 4188 justitia

201 4196 361 4266 spiciuntnr,
378 4196 540 4264 sempiterna
558 4208 665 4264 quoque
678 4195 737 4263 ejus
753 4193 838 4248 virtus
854 4208 886 4248 ac
897 4193 992 4249 tlirini·
1036 4210 1102 4266 quaa
1115 4196 1180 4251 virit
1194 4197 1221 4252 in
1232 4199 1331 4268 seipsa,
1346 4200 1523 4270 proculdubio
1538 4203 1609 4258 licus
1622 4212 1679 4271 est,
1692 4214 1777 4276 atque
1794 4208 1830 4268 in·

203 4297 253 4339 tas.
270 4283 308 4337 llc
323 4298 370 4353 per
382 4284 443 4349 boc,
464 4298 524 4338 cum
540 4282 634 4338 cadem
650 4283 768 4338 Trinitas
784 4283 877 4337 lecerit
892 4290 920 4352 ct
932 4297 992 4338 cor·
1042 4288 1344 4347 commutabiliterririt.
1352 4291 1525 4349 Sicutautem
1534 4294 1661 4351 beccum
1669 4297 1705 4352 sit
1714 4298 1740 4352 iu
1749 4300 1831 4370 seipsa

203 4392 251 4447 pus
264 4387 291 4432 ει
307 4379 434 4444 attimam,
459 4377 517 4431 siae
531 4376 699 4432 dubitatione
720 4383 763 4430 εει
785 4384 900 4445 utroque
920 4389 992 4444 pra.
1042 4365 1108 4434 tlta,
1129 4368 1209 4423 ctiam
1223 4369 1300 4426 nobis
1313 4371 1343 4425 lit
1357 4373 1423 4442 vita,
1439 4386 1499 4428 cum
1516 4371 1575 4443 cius
1591 4375 1729 4432 clllcimur
1743 4388 1832 4433 utcun-

200 4472 324 4524 pangor,
358 4468 453 4523 gnqmg
478 4467 568 4537 traque
594 4466 763 4522 considerata
795 4467 912 4521 maxima
943 4465 992 4520 hu-
1043 4474 1095 4528 quc
1110 4461 1316 4530 participes;ita
1339 4477 1402 4519 cunt
1423 4465 1450 4521 iu
1464 4466 1550 4536 seipsa
1569 4466 1605 4522 sit
1615 4466 1734 4537 justitia,
1755 4472 1830 4528 ctiattt

203 4572 291 4621 mana,
306 4567 333 4612 ει
346 4555 483 4611 rationalis
504 4564 584 4624 atqne
597 4553 797 4621 intellectualis,
814 4568 873 4624 quae
886 4553 920 4608 ad
933 4553 992 4623 eitra
1044 4543 1120 4606 nobis
1137 4552 1165 4606 bt
1175 4550 1289 4623 justitia,
1308 4568 1369 4610 cnm
1390 4556 1415 4611 ci
1433 4557 1594 4615 cohaerendo
1606 4560 1680 4630 juste
1694 4561 1831 4620 vivimus:

204 4647 346 4716 imaginem
362 4646 429 4702 laeta
444 4656 496 4712 εει,
510 4645 532 4700 ει
540 4644 723 4717 νεεειιειιειιεε
736 4654 841 4700 nostras
854 4653 883 4702 ει
893 4645 992 4702 ιιιιειιι-
1043 4652 1071 4696 ει
1081 4653 1154 4698 tanto
1167 4646 1253 4715 magis
1275 4646 1397 4703 minusue
1406 4648 1471 4719 justi
1492 4665 1594 4717 εεειιιε,
1607 4661 1709 4722 quanto
1724 4655 1764 4710 illi
1777 4670 1832 4713 ma·

202 4737 316 4804 gentina,
332 4753 385 4791 non
408 4737 537 4803 evicerit,
559 4734 606 4792 sed
625 4735 684 4805 ejus
707 4735 778 4805 quod
799 4735 880 4791 babet
899 4737 992 4806 praet·
1042 4735 1083 4804 gis
1096 4736 1218 4793 minusve
1231 4737 1406 4796 cobaercmus.
1424 4738 1501 4797 Unde
1520 4741 1651 4813 scriptum
1671 4755 1714 4800 cst
1728 4745 1765 4810 de
1778 4747 1832 4801 uni-

203 4839 295 4891 pnnm,
316 4823 342 4879 id
365 4833 406 4878 εει
431 4825 516 4894 ipsam
540 4835 657 4880 mentem
673 4833 755 4895 atque
776 4823 989 4897 intelligentiam,
1043 4826 1210 4896 genitol'ilio
1231 4828 1290 4896 liei,
1305 4843 1367 4886 cum
1381 4832 1417 4886 sit
1431 4831 1524 4903 otique
1537 4831 1624 4887 Patris
1639 4835 1775 4902 sapientia
1794 4845 1833 4890 at·

204 4921 293 4966 mente
309 4921 388 4979 atque
404 4913 578 4984 intelligentia
592 4915 757 4984 potuerimus
776 4915 990 4986 apprehendere,
1044 4933 1095 4986 que
1106 4918 1219 4987 justitia,
1235 4932 1263 4974 et
1277 4935 1384 4991 scurper
1400 4923 1426 4976 in
1448 4925 1536 4992 seipsa
1553 4924 1598 4990 sit,
1612 4926 1686 4994 quod
1700 4925 1789 4985 lactus
1801 4930 1833 4984 sit

204 5017 256 5056 non
271 5002 322 5057 crit
346 5002 464 5057 lortussis
479 5005 635 5072 absurdum,
653 5016 680 5060 ut
697 5021 757 5063 eam
781 5008 813 5061 ad
834 5021 911 5063 suom
924 5023 991 5079 quo-
1045 5008 1122 5064 oobis
1135 5024 1150 5062 a
1165 5009 1221 5065 ilco
1234 5009 1373 5081 sapientia,
1390 5023 1417 5068 ct
1428 5013 1540 5083 iustitia,
1558 5027 1587 5072 ει
1604 5017 1796 5089 sauctilicatio,
1809 5030 1834 5076 ει

203 5109 254 5166 que
267 5103 415 5149 creatorem
430 5093 643 5164 intelligendum,
660 5098 718 5166 ipso
733 5097 886 5167 adjurante,
907 5098 992 5154 medi·
1044 5100 1204 5172 redemptio,
1217 5112 1246 5158 ot
1260 5104 1485 5174 quemadmodum
1500 5108 1705 5178 scriptumest:
1720 5111 1771 5178 Qut
1781 5113 1833 5182 glo·

202 5195 292 5242 tenenr
305 5185 439 5241 attollere.
457 5185 485 5241 st
505 5197 595 5240 autern
616 5187 643 5242 in
666 5189 755 5259 seipsa
770 5189 870 5257 delicit,
886 5191 992 5261 sibique
1045 5197 1139 5263 riatur,
1156 5199 1181 5252 in
1194 5199 1306 5254 bomine
1319 5199 1459 5271 glorietur.
1471 5201 1548 5269 Quod
1562 5204 1671 5274 quidem
1686 5213 1715 5261 et
1728 5206 1786 5276 ipsc
1796 5206 1832 5260 ri·

202 5277 365 5341 succumbit,
385 5279 426 5347 pia
442 5276 495 5332 lide
506 5285 631 5332 contenta
646 5279 692 5347 sit,
706 5281 823 5350 quandiu
840 5283 992 5354 peregrina·
1046 5287 1108 5344 disti
1126 5289 1249 5345 addendo
1267 5298 1347 5361 atque
1359 5291 1485 5370 dicendo,
1500 5294 1550 5349 nisi
1564 5294 1632 5350 lorte
1647 5311 1702 5353 nott
1717 5296 1777 5354 baec
1788 5297 1832 5352 ltu-

203 5377 275 5422 tora
296 5368 420 5433 bomine,
440 5368 528 5425 donec
543 5369 590 5424 llat
605 5370 632 5424 in
655 5371 763 5428 bomine
786 5374 856 5443 quod
874 5375 991 5445 promis·
1047 5392 1133 5432 nnana
1150 5379 1295 5448 aequitatls,
1309 5380 1356 5437 scd
1370 5381 1415 5436 illa
1430 5397 1491 5453 quae
1507 5383 1576 5440 bens
1587 5394 1640 5451 est,
1655 5386 1714 5443 sola
1730 5400 1832 5443 assera·

203 5473 261 5512 sum
275 5468 332 5524 est;
349 5460 463 5516 iaciente
483 5461 530 5516 illo
545 5463 589 5533 qul
603 5473 698 5533 potens
719 5473 771 5532 εει,
785 5467 903 5521 ειεειειι
917 5469 995 5538 apo·
1047 5479 1090 5523 tur
1104 5484 1164 5524 esse
1177 5470 1291 5539 justitia.
1307 5472 1355 5527 list
1375 5473 1455 5543 plane
1479 5475 1524 5531 ille
1545 5490 1667 5533 sommus
1687 5478 1759 5535 licus
1775 5491 1833 5536 reta

204 5549 298 5612 stolus,
314 5549 401 5607 lacere
419 5566 500 5623 supra
524 5568 603 5623 qnam
629 5556 745 5625 petimus
768 5567 795 5611 et
809 5556 993 5628 intelligimus.
1044 5559 1158 5627 justitia,
1174 5562 1217 5616 tel
1241 5561 1286 5618 ille
1308 5579 1388 5620 uerus
1414 5564 1485 5622 lleus
1508 5580 1611 5622 summa
1624 5568 1743 5638 justitia,
1758 5585 1833 5642 quam

204 5635 297 5692 bestat
311 5639 400 5710 itaque
415 5653 444 5697 nt
457 5644 492 5699 ita
514 5645 656 5702 credamus
670 5646 749 5702 unius
764 5661 824 5725 csse
838 5648 994 5705 substantiae
1047 5650 1166 5721 prolecto
1179 5653 1283 5710 esurire
1296 5669 1328 5712 ae
1339 5655 1425 5722 sitire,
1441 5670 1473 5712 ca
1486 5669 1577 5713 nostra
1594 5668 1635 5713 est
1649 5660 1677 5716 in
1691 5661 1742 5716 bac
1757 5674 1833 5730 perc·

207 5726 373 5799 Trinitatem,
385 5744 414 5790 ut
431 5739 487 5805 ipsa
500 5740 617 5796 essentia
631 5755 684 5798 non
700 5739 774 5797 aliud
789 5741 825 5796 sit
838 5754 919 5812 quatu
935 5757 992 5814 rpsa
1046 5741 1196 5814 grinatlone
1208 5742 1323 5816 justitia,
1342 5756 1369 5804 ει
1382 5763 1433 5819 qua
1444 5761 1537 5820 postea
1552 5753 1680 5818 saturari,
1694 5767 1726 5809 ea
1745 5763 1832 5810 nostra
