<?xml version="1.0" encoding="UTF-8"?>
<!DOCTYPE html PUBLIC "-//W3C//DTD XHTML 1.0 Transitional//EN"
    "http://www.w3.org/TR/xhtml1/DTD/xhtml1-transitional.dtd">
<html xmlns="http://www.w3.org/1999/xhtml" xml:lang="en" lang="en">
 <head>
  <title>
</title>
<meta http-equiv="Content-Type" content="text/html;charset=utf-8" />
  <meta name='ocr-system' content='tesseract 3.04.00' />
  <meta name='ocr-capabilities' content='ocr_page ocr_carea ocr_par ocr_line ocrx_word'/>
</head>
<body>
  <div class='ocr_page' id='page_1' title='image "./patrologiaecurs32unkngoog_0285.png"; bbox 0 0 3774 6120; ppageno 0'>
   <div class='ocr_carea' id='block_1_1' title="bbox 119 189 1755 290">
    <p class='ocr_par' dir='ltr' id='par_1_1' title="bbox 119 189 1755 290">
     <span class='ocr_line' id='line_1_1' title="bbox 119 189 1755 290; baseline -0.001 -3"><span class='ocrx_word' id='word_1_1' title='bbox 119 231 169 287; x_wconf 85' lang='grc' dir='ltr'>ιιι</span> <span class='ocrx_word' id='word_1_2' title='bbox 271 256 273 260; x_wconf 66' lang='lat'>,</span> <span class='ocrx_word' id='word_1_3' title='bbox 321 189 327 202; x_wconf 76' lang='grc'><strong>’</strong></span> <span class='ocrx_word' id='word_1_4' title='bbox 635 229 665 290; x_wconf 89' lang='grc' dir='ltr'>ι.</span> <span class='ocrx_word' id='word_1_5' title='bbox 685 229 881 289; x_wconf 79' lang='lat' dir='ltr'>sustentus</span> <span class='ocrx_word' id='word_1_6' title='bbox 900 230 1009 289; x_wconf 82' lang='lat' dir='ltr'>aneas</span> <span class='ocrx_word' id='word_1_7' title='bbox 1027 228 1233 289; x_wconf 78' lang='lat' dir='ltr'>tumeamus.</span> <span class='ocrx_word' id='word_1_8' title='bbox 1704 229 1755 288; x_wconf 78' lang='grc' dir='ltr'>ιιι</span> 
     </span>
    </p>
   </div>
   <div class='ocr_carea' id='block_1_2' title="bbox 119 340 1793 3996">
    <p class='ocr_par' dir='ltr' id='par_1_2' title="bbox 119 340 1793 3996">
     <span class='ocr_line' id='line_1_2' title="bbox 119 340 1755 421; baseline -0.001 -21"><span class='ocrx_word' id='word_1_9' title='bbox 119 345 195 411; x_wconf 79' lang='lat' dir='ltr'>steti,</span> <span class='ocrx_word' id='word_1_10' title='bbox 210 341 260 398; x_wconf 87' lang='lat' dir='ltr'>riri</span> <span class='ocrx_word' id='word_1_11' title='bbox 275 341 309 397; x_wconf 81' lang='lat' dir='ltr'>ab</span> <span class='ocrx_word' id='word_1_12' title='bbox 320 341 418 414; x_wconf 87' lang='lat' dir='ltr'>ingenii</span> <span class='ocrx_word' id='word_1_13' title='bbox 430 343 553 401; x_wconf 78' lang='lat' dir='ltr'>acumine</span> <span class='ocrx_word' id='word_1_14' title='bbox 565 358 728 416; x_wconf 74' lang='lat' dir='ltr'>magnopere</span> <span class='ocrx_word' id='word_1_15' title='bbox 742 344 863 410; x_wconf 86' lang='lat' dir='ltr'>iautlati,</span> <span class='ocrx_word' id='word_1_16' title='bbox 887 359 919 401; x_wconf 89' lang='lat' dir='ltr'>ae</span> <span class='ocrx_word' id='word_1_17' title='bbox 940 345 1083 421; x_wconf 15' lang='lat' dir='ltr'>vigilantia*</span> <span class='ocrx_word' id='word_1_18' title='bbox 1100 345 1163 417; x_wconf 87' lang='lat' dir='ltr'>(qna</span> <span class='ocrx_word' id='word_1_19' title='bbox 1177 342 1399 415; x_wconf 75' lang='lat' dir='ltr'>augustinianam</span> <span class='ocrx_word' id='word_1_20' title='bbox 1424 340 1595 398; x_wconf 76' lang='lat' dir='ltr'>sodalitatem</span> <span class='ocrx_word' id='word_1_21' title='bbox 1617 341 1713 398; x_wconf 91' lang='lat' dir='ltr'>eadem</span> <span class='ocrx_word' id='word_1_22' title='bbox 1727 343 1755 398; x_wconf 93' lang='lat' dir='ltr'>iu</span> 
     </span>
     <span class='ocr_line' id='line_1_3' title="bbox 121 431 1756 507; baseline -0.002 -15"><span class='ocrx_word' id='word_1_23' title='bbox 121 439 188 493; x_wconf 90' lang='lat' dir='ltr'>urbe</span> <span class='ocrx_word' id='word_1_24' title='bbox 203 435 281 507; x_wconf 87' lang='lat' dir='ltr'>regit)</span> <span class='ocrx_word' id='word_1_25' title='bbox 296 436 423 491; x_wconf 90' lang='lat' dir='ltr'>celebrati</span> <span class='ocrx_word' id='word_1_26' title='bbox 439 437 605 506; x_wconf 85' lang='lat' dir='ltr'>suffragium.</span> <span class='ocrx_word' id='word_1_27' title='bbox 627 437 728 493; x_wconf 85' lang='lat' dir='ltr'>florum</span> <span class='ocrx_word' id='word_1_28' title='bbox 749 438 930 506; x_wconf 82' lang='lat' dir='ltr'>iiberalitate,</span> <span class='ocrx_word' id='word_1_29' title='bbox 946 448 976 494; x_wconf 92' lang='lat' dir='ltr'>ut</span> <span class='ocrx_word' id='word_1_30' title='bbox 994 451 1134 493; x_wconf 88' lang='lat' dir='ltr'>sacrarum</span> <span class='ocrx_word' id='word_1_31' title='bbox 1150 436 1301 492; x_wconf 86' lang='lat' dir='ltr'>litterarum</span> <span class='ocrx_word' id='word_1_32' title='bbox 1316 435 1454 493; x_wconf 87' lang='lat' dir='ltr'>studiosos</span> <span class='ocrx_word' id='word_1_33' title='bbox 1469 448 1499 488; x_wconf 89' lang='lat' dir='ltr'>se</span> <span class='ocrx_word' id='word_1_34' title='bbox 1509 432 1566 503; x_wconf 83' lang='lat' dir='ltr'>jam</span> <span class='ocrx_word' id='word_1_35' title='bbox 1580 431 1679 488; x_wconf 90' lang='lat' dir='ltr'>ditatos</span> <span class='ocrx_word' id='word_1_36' title='bbox 1693 445 1756 504; x_wconf 89' lang='lat' dir='ltr'>pro·</span> 
     </span>
     <span class='ocr_line' id='line_1_4' title="bbox 119 524 1757 603; baseline -0.001 -20"><span class='ocrx_word' id='word_1_37' title='bbox 119 527 245 583; x_wconf 90' lang='lat' dir='ltr'>culdubio</span> <span class='ocrx_word' id='word_1_38' title='bbox 268 527 429 595; x_wconf 89' lang='lat' dir='ltr'>fatebuntur,</span> <span class='ocrx_word' id='word_1_39' title='bbox 453 528 492 586; x_wconf 89' lang='lat' dir='ltr'>sie</span> <span class='ocrx_word' id='word_1_40' title='bbox 517 545 604 587; x_wconf 83' lang='lat' dir='ltr'>mcum</span> <span class='ocrx_word' id='word_1_41' title='bbox 629 531 787 588; x_wconf 72' lang='lat' dir='ltr'>tenuitatem</span> <span class='ocrx_word' id='word_1_42' title='bbox 812 531 955 601; x_wconf 84' lang='lat' dir='ltr'>deplorare</span> <span class='ocrx_word' id='word_1_43' title='bbox 979 544 1071 603; x_wconf 85' lang='lat' dir='ltr'>cogor,</span> <span class='ocrx_word' id='word_1_44' title='bbox 1096 544 1158 586; x_wconf 91' lang='lat' dir='ltr'>cum</span> <span class='ocrx_word' id='word_1_45' title='bbox 1180 528 1344 586; x_wconf 83' lang='lat' dir='ltr'>sacrosancti</span> <span class='ocrx_word' id='word_1_46' title='bbox 1360 526 1472 586; x_wconf 86' lang='lat' dir='ltr'>iiumani</span> <span class='ocrx_word' id='word_1_47' title='bbox 1496 525 1606 595; x_wconf 86' lang='lat' dir='ltr'>imperii</span> <span class='ocrx_word' id='word_1_48' title='bbox 1621 524 1757 594; x_wconf 86' lang='lat' dir='ltr'>tribules,</span> 
     </span>
     <span class='ocr_line' id='line_1_5' title="bbox 119 613 1757 692; baseline -0.001 -20"><span class='ocrx_word' id='word_1_49' title='bbox 119 618 273 687; x_wconf 81' lang='lat' dir='ltr'>praclarum</span> <span class='ocrx_word' id='word_1_50' title='bbox 288 619 435 687; x_wconf 90' lang='lat' dir='ltr'>civitatem,</span> <span class='ocrx_word' id='word_1_51' title='bbox 451 618 539 692; x_wconf 90' lang='lat' dir='ltr'>dignis</span> <span class='ocrx_word' id='word_1_52' title='bbox 555 628 584 676; x_wconf 91' lang='lat' dir='ltr'>nt</span> <span class='ocrx_word' id='word_1_53' title='bbox 598 620 724 676; x_wconf 75' lang='lat' dir='ltr'>laudibus</span> <span class='ocrx_word' id='word_1_54' title='bbox 736 620 860 687; x_wconf 82' lang='lat' dir='ltr'>evolsam,</span> <span class='ocrx_word' id='word_1_55' title='bbox 877 621 943 676; x_wconf 92' lang='lat' dir='ltr'>mibi</span> <span class='ocrx_word' id='word_1_56' title='bbox 956 619 1023 677; x_wconf 89' lang='lat' dir='ltr'>defit</span> <span class='ocrx_word' id='word_1_57' title='bbox 1038 617 1186 690; x_wconf 79' lang='lat' dir='ltr'>ingenium.</span> <span class='ocrx_word' id='word_1_58' title='bbox 1207 617 1315 676; x_wconf 75' lang='lat' dir='ltr'>Etenim</span> <span class='ocrx_word' id='word_1_59' title='bbox 1331 632 1392 680; x_wconf 84' lang='lat' dir='ltr'>curn</span> <span class='ocrx_word' id='word_1_60' title='bbox 1414 616 1587 673; x_wconf 71' lang='lat' dir='ltr'>Macedonem</span> <span class='ocrx_word' id='word_1_61' title='bbox 1602 613 1680 671; x_wconf 94' lang='lat' dir='ltr'>iilum</span> <span class='ocrx_word' id='word_1_62' title='bbox 1702 615 1757 672; x_wconf 87' lang='lat' dir='ltr'>bia-</span> 
     </span>
     <span class='ocr_line' id='line_1_6' title="bbox 119 704 1757 782; baseline -0.003 -16"><span class='ocrx_word' id='word_1_63' title='bbox 119 727 211 781; x_wconf 90' lang='lat' dir='ltr'>gnum,</span> <span class='ocrx_word' id='word_1_64' title='bbox 225 712 261 766; x_wconf 93' lang='lat' dir='ltr'>ob</span> <span class='ocrx_word' id='word_1_65' title='bbox 275 710 384 766; x_wconf 82' lang='lat' dir='ltr'>Homeri</span> <span class='ocrx_word' id='word_1_66' title='bbox 397 710 523 778; x_wconf 84' lang='lat' dir='ltr'>Carmen,</span> <span class='ocrx_word' id='word_1_67' title='bbox 538 713 609 782; x_wconf 88' lang='lat' dir='ltr'>quud</span> <span class='ocrx_word' id='word_1_68' title='bbox 625 711 821 782; x_wconf 87' lang='lat' dir='ltr'>pretiosissimo</span> <span class='ocrx_word' id='word_1_69' title='bbox 836 712 862 767; x_wconf 91' lang='lat' dir='ltr'>in</span> <span class='ocrx_word' id='word_1_70' title='bbox 878 711 1020 769; x_wconf 84' lang='lat' dir='ltr'>Persarum</span> <span class='ocrx_word' id='word_1_71' title='bbox 1035 709 1107 781; x_wconf 85' lang='lat' dir='ltr'>regis</span> <span class='ocrx_word' id='word_1_72' title='bbox 1119 709 1248 766; x_wconf 90' lang='lat' dir='ltr'>scriniuio</span> <span class='ocrx_word' id='word_1_73' title='bbox 1258 704 1474 775; x_wconf 81' lang='lat' dir='ltr'>circumferebat,</span> <span class='ocrx_word' id='word_1_74' title='bbox 1489 706 1547 775; x_wconf 90' lang='lat' dir='ltr'>pius</span> <span class='ocrx_word' id='word_1_75' title='bbox 1559 704 1665 777; x_wconf 77' lang='lat' dir='ltr'>gloriae,</span> <span class='ocrx_word' id='word_1_76' title='bbox 1677 722 1757 778; x_wconf 91' lang='lat' dir='ltr'>quam</span> 
     </span>
     <span class='ocr_line' id='line_1_7' title="bbox 119 796 1757 872; baseline -0.001 -18"><span class='ocrx_word' id='word_1_77' title='bbox 119 810 165 855; x_wconf 85' lang='lat' dir='ltr'>aut</span> <span class='ocrx_word' id='word_1_78' title='bbox 182 800 261 854; x_wconf 84' lang='lat' dir='ltr'>Dario</span> <span class='ocrx_word' id='word_1_79' title='bbox 274 810 320 853; x_wconf 92' lang='lat' dir='ltr'>aut</span> <span class='ocrx_word' id='word_1_80' title='bbox 337 802 406 855; x_wconf 79' lang='lat' dir='ltr'>Poro</span> <span class='ocrx_word' id='word_1_81' title='bbox 418 801 537 867; x_wconf 88' lang='lat' dir='ltr'>devicto,</span> <span class='ocrx_word' id='word_1_82' title='bbox 552 802 727 857; x_wconf 79' lang='lat' dir='ltr'>emolumenti</span> <span class='ocrx_word' id='word_1_83' title='bbox 745 802 882 870; x_wconf 81' lang='lat' dir='ltr'>accepisse</span> <span class='ocrx_word' id='word_1_84' title='bbox 897 803 1006 872; x_wconf 92' lang='lat' dir='ltr'>quidam</span> <span class='ocrx_word' id='word_1_85' title='bbox 1021 801 1198 867; x_wconf 89' lang='lat' dir='ltr'>contendunt,</span> <span class='ocrx_word' id='word_1_86' title='bbox 1213 801 1273 870; x_wconf 90' lang='lat' dir='ltr'>quis</span> <span class='ocrx_word' id='word_1_87' title='bbox 1285 814 1371 856; x_wconf 81' lang='lat' dir='ltr'>sacrae</span> <span class='ocrx_word' id='word_1_88' title='bbox 1391 796 1522 868; x_wconf 75' lang='lat' dir='ltr'>dogmatis</span> <span class='ocrx_word' id='word_1_89' title='bbox 1540 798 1690 853; x_wconf 69' lang='lat' dir='ltr'>aestimator</span> <span class='ocrx_word' id='word_1_90' title='bbox 1704 813 1757 853; x_wconf 92' lang='lat' dir='ltr'>nott</span> 
     </span>
     <span class='ocr_line' id='line_1_8' title="bbox 122 890 1758 966; baseline 0 -21"><span class='ocrx_word' id='word_1_91' title='bbox 122 890 246 960; x_wconf 75' lang='lat' dir='ltr'>uniquus,</span> <span class='ocrx_word' id='word_1_92' title='bbox 273 891 403 948; x_wconf 82' lang='lat' dir='ltr'>minorum</span> <span class='ocrx_word' id='word_1_93' title='bbox 419 894 541 963; x_wconf 87' lang='lat' dir='ltr'>plausum</span> <span class='ocrx_word' id='word_1_94' title='bbox 552 893 627 950; x_wconf 90' lang='lat' dir='ltr'>dabit</span> <span class='ocrx_word' id='word_1_95' title='bbox 640 892 795 966; x_wconf 82' lang='lat' dir='ltr'>reipublicae</span> <span class='ocrx_word' id='word_1_96' title='bbox 810 902 901 961; x_wconf 73' lang='lat' dir='ltr'>tanta,</span> <span class='ocrx_word' id='word_1_97' title='bbox 916 895 1022 964; x_wconf 79' lang='lat' dir='ltr'>ecuius</span> <span class='ocrx_word' id='word_1_98' title='bbox 1037 894 1144 951; x_wconf 89' lang='lat' dir='ltr'>scriniis</span> <span class='ocrx_word' id='word_1_99' title='bbox 1155 893 1190 949; x_wconf 90' lang='lat' dir='ltr'>ab</span> <span class='ocrx_word' id='word_1_100' title='bbox 1200 893 1305 964; x_wconf 77' lang='lat' dir='ltr'>iniuriis</span> <span class='ocrx_word' id='word_1_101' title='bbox 1318 900 1359 948; x_wconf 92' lang='lat' dir='ltr'>tot</span> <span class='ocrx_word' id='word_1_102' title='bbox 1372 898 1523 960; x_wconf 87' lang='lat' dir='ltr'>temporum</span> <span class='ocrx_word' id='word_1_103' title='bbox 1538 891 1644 948; x_wconf 78' lang='lat' dir='ltr'>defensi</span> <span class='ocrx_word' id='word_1_104' title='bbox 1656 906 1758 946; x_wconf 82' lang='lat' dir='ltr'>eruum-</span> 
     </span>
     <span class='ocr_line' id='line_1_9' title="bbox 125 983 1758 1060; baseline 0 -20"><span class='ocrx_word' id='word_1_105' title='bbox 125 994 170 1040; x_wconf 85' lang='grc' dir='ltr'>ιιι</span> <span class='ocrx_word' id='word_1_106' title='bbox 194 985 323 1053; x_wconf 82' lang='lat' dir='ltr'>thesauri,</span> <span class='ocrx_word' id='word_1_107' title='bbox 349 988 447 1057; x_wconf 92' lang='lat' dir='ltr'>quibus</span> <span class='ocrx_word' id='word_1_108' title='bbox 468 988 603 1044; x_wconf 90' lang='lat' dir='ltr'>neminem</span> <span class='ocrx_word' id='word_1_109' title='bbox 629 991 831 1060; x_wconf 87' lang='lat' dir='ltr'>comparatione</span> <span class='ocrx_word' id='word_1_110' title='bbox 855 990 907 1045; x_wconf 85' lang='lat' dir='ltr'>ulia</span> <span class='ocrx_word' id='word_1_111' title='bbox 932 996 1018 1060; x_wconf 80' lang='lat' dir='ltr'>poetae</span> <span class='ocrx_word' id='word_1_112' title='bbox 1032 988 1113 1043; x_wconf 88' lang='lat' dir='ltr'>etiam</span> <span class='ocrx_word' id='word_1_113' title='bbox 1136 986 1310 1042; x_wconf 79' lang='lat' dir='ltr'>vetustissimi</span> <span class='ocrx_word' id='word_1_114' title='bbox 1333 995 1561 1055; x_wconf 89' lang='lat' dir='ltr'>atquenunquam</span> <span class='ocrx_word' id='word_1_115' title='bbox 1576 984 1643 1040; x_wconf 89' lang='lat' dir='ltr'>satis</span> <span class='ocrx_word' id='word_1_116' title='bbox 1657 983 1758 1040; x_wconf 87' lang='lat' dir='ltr'>laudati</span> 
     </span>
     <span class='ocr_line' id='line_1_10' title="bbox 121 1073 1758 1153; baseline -0.002 -20"><span class='ocrx_word' id='word_1_117' title='bbox 121 1087 246 1146; x_wconf 79' lang='lat' dir='ltr'>poemam</span> <span class='ocrx_word' id='word_1_118' title='bbox 255 1079 346 1147; x_wconf 85' lang='lat' dir='ltr'>(modo</span> <span class='ocrx_word' id='word_1_119' title='bbox 359 1080 532 1136; x_wconf 80' lang='lat' dir='ltr'>humaniores</span> <span class='ocrx_word' id='word_1_120' title='bbox 543 1081 697 1153; x_wconf 85' lang='lat' dir='ltr'>disciplinas</span> <span class='ocrx_word' id='word_1_121' title='bbox 708 1083 805 1139; x_wconf 78' lang='lat' dir='ltr'>animae</span> <span class='ocrx_word' id='word_1_122' title='bbox 818 1082 931 1140; x_wconf 86' lang='lat' dir='ltr'>medelis</span> <span class='ocrx_word' id='word_1_123' title='bbox 945 1099 997 1138; x_wconf 91' lang='lat' dir='ltr'>oon</span> <span class='ocrx_word' id='word_1_124' title='bbox 1011 1091 1074 1138; x_wconf 92' lang='lat' dir='ltr'>ante</span> <span class='ocrx_word' id='word_1_125' title='bbox 1087 1082 1165 1151; x_wconf 86' lang='lat' dir='ltr'>ierat)</span> <span class='ocrx_word' id='word_1_126' title='bbox 1175 1080 1360 1152; x_wconf 78' lang='lat' dir='ltr'>equarevulle</span> <span class='ocrx_word' id='word_1_127' title='bbox 1372 1078 1463 1135; x_wconf 90' lang='lat' dir='ltr'>credo.</span> <span class='ocrx_word' id='word_1_128' title='bbox 1476 1077 1511 1134; x_wconf 85' lang='lat' dir='ltr'>lit</span> <span class='ocrx_word' id='word_1_129' title='bbox 1526 1085 1615 1132; x_wconf 87' lang='lat' dir='ltr'>auteur</span> <span class='ocrx_word' id='word_1_130' title='bbox 1630 1073 1758 1145; x_wconf 90' lang='lat' dir='ltr'>ingenuis</span> 
     </span>
     <span class='ocr_line' id='line_1_11' title="bbox 123 1168 1759 1247; baseline 0 -24"><span class='ocrx_word' id='word_1_131' title='bbox 123 1172 234 1236; x_wconf 89' lang='lat' dir='ltr'>animis,</span> <span class='ocrx_word' id='word_1_132' title='bbox 250 1172 369 1228; x_wconf 88' lang='lat' dir='ltr'>candere</span> <span class='ocrx_word' id='word_1_133' title='bbox 380 1173 479 1242; x_wconf 88' lang='lat' dir='ltr'>ingenii</span> <span class='ocrx_word' id='word_1_134' title='bbox 490 1175 569 1230; x_wconf 89' lang='lat' dir='ltr'>citius</span> <span class='ocrx_word' id='word_1_135' title='bbox 583 1176 749 1233; x_wconf 83' lang='lat' dir='ltr'>satisfactum</span> <span class='ocrx_word' id='word_1_136' title='bbox 764 1187 818 1246; x_wconf 91' lang='lat' dir='ltr'>est,</span> <span class='ocrx_word' id='word_1_137' title='bbox 832 1190 913 1247; x_wconf 83' lang='lat' dir='ltr'>quam</span> <span class='ocrx_word' id='word_1_138' title='bbox 927 1175 972 1232; x_wconf 88' lang='lat' dir='ltr'>vei</span> <span class='ocrx_word' id='word_1_139' title='bbox 985 1189 1087 1247; x_wconf 76' lang='lat' dir='ltr'>operae,</span> <span class='ocrx_word' id='word_1_140' title='bbox 1103 1174 1146 1230; x_wconf 89' lang='lat' dir='ltr'>vei</span> <span class='ocrx_word' id='word_1_141' title='bbox 1161 1189 1241 1243; x_wconf 91' lang='lat' dir='ltr'>opum</span> <span class='ocrx_word' id='word_1_142' title='bbox 1255 1171 1401 1243; x_wconf 88' lang='lat' dir='ltr'>impendio,</span> <span class='ocrx_word' id='word_1_143' title='bbox 1417 1171 1456 1225; x_wconf 89' lang='lat' dir='ltr'>sic</span> <span class='ocrx_word' id='word_1_144' title='bbox 1479 1169 1679 1227; x_wconf 78' lang='lat' dir='ltr'>liberalissimae</span> <span class='ocrx_word' id='word_1_145' title='bbox 1692 1168 1759 1224; x_wconf 91' lang='lat' dir='ltr'>civi-</span> 
     </span>
     <span class='ocr_line' id='line_1_12' title="bbox 122 1251 1757 1338; baseline 0.001 -24"><span class='ocrx_word' id='word_1_146' title='bbox 122 1260 170 1316; x_wconf 92' lang='lat' dir='ltr'>tati</span> <span class='ocrx_word' id='word_1_147' title='bbox 182 1263 296 1329; x_wconf 91' lang='lat' dir='ltr'>gratiam</span> <span class='ocrx_word' id='word_1_148' title='bbox 309 1263 434 1319; x_wconf 88' lang='lat' dir='ltr'>retulisse</span> <span class='ocrx_word' id='word_1_149' title='bbox 449 1279 493 1320; x_wconf 89' lang='lat' dir='ltr'>me</span> <span class='ocrx_word' id='word_1_150' title='bbox 506 1266 790 1334; x_wconf 81' lang='lat' dir='ltr'>maximamconiido,</span> <span class='ocrx_word' id='word_1_151' title='bbox 808 1266 831 1321; x_wconf 92' lang='lat' dir='ltr'>si</span> <span class='ocrx_word' id='word_1_152' title='bbox 846 1265 1007 1338; x_wconf 88' lang='lat' dir='ltr'>dignissimo</span> <span class='ocrx_word' id='word_1_153' title='bbox 1021 1267 1132 1338; x_wconf 90' lang='lat' dir='ltr'>dignum</span> <span class='ocrx_word' id='word_1_154' title='bbox 1149 1267 1199 1322; x_wconf 92' lang='lat' dir='ltr'>buc</span> <span class='ocrx_word' id='word_1_155' title='bbox 1213 1265 1338 1320; x_wconf 88' lang='lat' dir='ltr'>volumen</span> <span class='ocrx_word' id='word_1_156' title='bbox 1354 1251 1539 1320; x_wconf 84' lang='lat' dir='ltr'>inscriberem.</span> <span class='ocrx_word' id='word_1_157' title='bbox 1559 1260 1638 1328; x_wconf 81' lang='lat' dir='ltr'>Quod</span> <span class='ocrx_word' id='word_1_158' title='bbox 1649 1260 1757 1331; x_wconf 89' lang='lat' dir='ltr'>quidem</span> 
     </span>
     <span class='ocr_line' id='line_1_13' title="bbox 121 1350 1758 1427; baseline -0.004 -18"><span class='ocrx_word' id='word_1_159' title='bbox 121 1353 231 1424; x_wconf 83' lang='lat' dir='ltr'>egregio</span> <span class='ocrx_word' id='word_1_160' title='bbox 244 1368 277 1409; x_wconf 91' lang='lat' dir='ltr'>ac</span> <span class='ocrx_word' id='word_1_161' title='bbox 289 1350 441 1424; x_wconf 79' lang='lat' dir='ltr'>opportune</span> <span class='ocrx_word' id='word_1_162' title='bbox 456 1356 615 1413; x_wconf 82' lang='lat' dir='ltr'>observasse</span> <span class='ocrx_word' id='word_1_163' title='bbox 628 1372 672 1412; x_wconf 92' lang='lat' dir='ltr'>me</span> <span class='ocrx_word' id='word_1_164' title='bbox 684 1358 810 1423; x_wconf 86' lang='lat' dir='ltr'>arbitror,</span> <span class='ocrx_word' id='word_1_165' title='bbox 819 1359 869 1415; x_wconf 93' lang='lat' dir='ltr'>sub</span> <span class='ocrx_word' id='word_1_166' title='bbox 881 1356 920 1411; x_wconf 90' lang='lat' dir='ltr'>lui</span> <span class='ocrx_word' id='word_1_167' title='bbox 933 1356 1050 1415; x_wconf 87' lang='lat' dir='ltr'>uomiuis</span> <span class='ocrx_word' id='word_1_168' title='bbox 1064 1356 1195 1427; x_wconf 90' lang='lat' dir='ltr'>auspicio,</span> <span class='ocrx_word' id='word_1_169' title='bbox 1210 1356 1335 1426; x_wconf 85' lang='lat' dir='ltr'>princeps</span> <span class='ocrx_word' id='word_1_170' title='bbox 1349 1351 1539 1417; x_wconf 76' lang='lat' dir='ltr'>illustrissime,</span> <span class='ocrx_word' id='word_1_171' title='bbox 1557 1350 1606 1406; x_wconf 88' lang='lat' dir='ltr'>hos</span> <span class='ocrx_word' id='word_1_172' title='bbox 1617 1350 1758 1404; x_wconf 87' lang='lat' dir='ltr'>thesauros</span> 
     </span>
     <span class='ocr_line' id='line_1_14' title="bbox 122 1439 1759 1519; baseline -0.006 -15"><span class='ocrx_word' id='word_1_173' title='bbox 122 1446 290 1517; x_wconf 86' lang='lat' dir='ltr'>evulgando,</span> <span class='ocrx_word' id='word_1_174' title='bbox 316 1463 384 1516; x_wconf 88' lang='lat' dir='ltr'>quos</span> <span class='ocrx_word' id='word_1_175' title='bbox 405 1446 516 1518; x_wconf 81' lang='lat' dir='ltr'>jamjam</span> <span class='ocrx_word' id='word_1_176' title='bbox 539 1449 587 1505; x_wconf 93' lang='lat' dir='ltr'>tibi</span> <span class='ocrx_word' id='word_1_177' title='bbox 610 1450 718 1516; x_wconf 93' lang='lat' dir='ltr'>dedico,</span> <span class='ocrx_word' id='word_1_178' title='bbox 743 1465 873 1507; x_wconf 92' lang='lat' dir='ltr'>consecro</span> <span class='ocrx_word' id='word_1_179' title='bbox 891 1464 924 1507; x_wconf 85' lang='lat' dir='ltr'>sc</span> <span class='ocrx_word' id='word_1_180' title='bbox 938 1450 1030 1506; x_wconf 78' lang='lat' dir='ltr'>offero.</span> <span class='ocrx_word' id='word_1_181' title='bbox 1052 1450 1119 1504; x_wconf 81' lang='lat' dir='ltr'>iiam</span> <span class='ocrx_word' id='word_1_182' title='bbox 1139 1449 1162 1504; x_wconf 93' lang='lat' dir='ltr'>si</span> <span class='ocrx_word' id='word_1_183' title='bbox 1175 1446 1377 1519; x_wconf 88' lang='lat' dir='ltr'>unquamalias,</span> <span class='ocrx_word' id='word_1_184' title='bbox 1389 1456 1511 1501; x_wconf 90' lang='lat' dir='ltr'>veterum</span> <span class='ocrx_word' id='word_1_185' title='bbox 1525 1440 1646 1512; x_wconf 85' lang='lat' dir='ltr'>vestigiis</span> <span class='ocrx_word' id='word_1_186' title='bbox 1659 1439 1759 1496; x_wconf 88' lang='lat' dir='ltr'>bieme</span> 
     </span>
     <span class='ocr_line' id='line_1_15' title="bbox 122 1533 1758 1613; baseline -0.002 -21"><span class='ocrx_word' id='word_1_187' title='bbox 122 1537 220 1606; x_wconf 93' lang='lat' dir='ltr'>inniti,</span> <span class='ocrx_word' id='word_1_188' title='bbox 243 1548 271 1593; x_wconf 90' lang='lat' dir='ltr'>ut</span> <span class='ocrx_word' id='word_1_189' title='bbox 294 1539 449 1605; x_wconf 88' lang='lat' dir='ltr'>iatrdabiie,</span> <span class='ocrx_word' id='word_1_190' title='bbox 471 1541 510 1596; x_wconf 86' lang='lat' dir='ltr'>sic</span> <span class='ocrx_word' id='word_1_191' title='bbox 525 1554 599 1598; x_wconf 89' lang='lat' dir='ltr'>certe</span> <span class='ocrx_word' id='word_1_192' title='bbox 617 1543 815 1613; x_wconf 87' lang='lat' dir='ltr'>apertissimum</span> <span class='ocrx_word' id='word_1_193' title='bbox 829 1553 890 1599; x_wconf 82' lang='lat' dir='ltr'>esta</span> <span class='ocrx_word' id='word_1_194' title='bbox 904 1542 1028 1599; x_wconf 87' lang='lat' dir='ltr'>solebant</span> <span class='ocrx_word' id='word_1_195' title='bbox 1050 1541 1121 1597; x_wconf 92' lang='lat' dir='ltr'>euim</span> <span class='ocrx_word' id='word_1_196' title='bbox 1137 1539 1155 1595; x_wconf 93' lang='lat' dir='ltr'>ii</span> <span class='ocrx_word' id='word_1_197' title='bbox 1167 1537 1264 1610; x_wconf 86' lang='lat' dir='ltr'>vigiliis</span> <span class='ocrx_word' id='word_1_198' title='bbox 1274 1537 1341 1604; x_wconf 87' lang='lat' dir='ltr'>suis,</span> <span class='ocrx_word' id='word_1_199' title='bbox 1353 1553 1420 1607; x_wconf 88' lang='lat' dir='ltr'>quos</span> <span class='ocrx_word' id='word_1_200' title='bbox 1431 1538 1552 1593; x_wconf 86' lang='lat' dir='ltr'>elbonos</span> <span class='ocrx_word' id='word_1_201' title='bbox 1566 1543 1594 1590; x_wconf 92' lang='lat' dir='ltr'>et</span> <span class='ocrx_word' id='word_1_202' title='bbox 1606 1533 1758 1590; x_wconf 85' lang='lat' dir='ltr'>celebratus</span> 
     </span>
     <span class='ocr_line' id='line_1_16' title="bbox 122 1625 1758 1704; baseline -0.001 -22"><span class='ocrx_word' id='word_1_203' title='bbox 122 1625 239 1697; x_wconf 91' lang='lat' dir='ltr'>denique</span> <span class='ocrx_word' id='word_1_204' title='bbox 253 1627 412 1685; x_wconf 88' lang='lat' dir='ltr'>auctoritate</span> <span class='ocrx_word' id='word_1_205' title='bbox 432 1639 460 1685; x_wconf 92' lang='lat' dir='ltr'>et</span> <span class='ocrx_word' id='word_1_206' title='bbox 481 1631 566 1701; x_wconf 89' lang='lat' dir='ltr'>gratia</span> <span class='ocrx_word' id='word_1_207' title='bbox 583 1632 774 1704; x_wconf 68' lang='lat' dir='ltr'>prepollentes</span> <span class='ocrx_word' id='word_1_208' title='bbox 793 1634 905 1700; x_wconf 89' lang='lat' dir='ltr'>scireut,</span> <span class='ocrx_word' id='word_1_209' title='bbox 930 1641 1058 1700; x_wconf 90' lang='lat' dir='ltr'>patronos</span> <span class='ocrx_word' id='word_1_210' title='bbox 1078 1631 1230 1698; x_wconf 83' lang='lat' dir='ltr'>instituere,</span> <span class='ocrx_word' id='word_1_211' title='bbox 1254 1644 1304 1687; x_wconf 90' lang='lat' dir='ltr'>nec</span> <span class='ocrx_word' id='word_1_212' title='bbox 1320 1628 1372 1697; x_wconf 88' lang='lat' dir='ltr'>ipsi</span> <span class='ocrx_word' id='word_1_213' title='bbox 1385 1628 1521 1684; x_wconf 91' lang='lat' dir='ltr'>incondite</span> <span class='ocrx_word' id='word_1_214' title='bbox 1536 1639 1702 1697; x_wconf 84' lang='lat' dir='ltr'>quemquam</span> <span class='ocrx_word' id='word_1_215' title='bbox 1715 1633 1758 1680; x_wconf 89' lang='lat' dir='ltr'>aut</span> 
     </span>
     <span class='ocr_line' id='line_1_17' title="bbox 123 1716 1759 1793; baseline 0.002 -24"><span class='ocrx_word' id='word_1_216' title='bbox 123 1716 220 1772; x_wconf 81' lang='lat' dir='ltr'>alienis</span> <span class='ocrx_word' id='word_1_217' title='bbox 233 1718 330 1773; x_wconf 89' lang='lat' dir='ltr'>studiis</span> <span class='ocrx_word' id='word_1_218' title='bbox 344 1734 469 1775; x_wconf 88' lang='lat' dir='ltr'>onerare.</span> <span class='ocrx_word' id='word_1_219' title='bbox 489 1719 620 1778; x_wconf 85' lang='lat' dir='ltr'>Rationes</span> <span class='ocrx_word' id='word_1_220' title='bbox 633 1722 713 1793; x_wconf 90' lang='lat' dir='ltr'>igitur</span> <span class='ocrx_word' id='word_1_221' title='bbox 730 1722 757 1779; x_wconf 88' lang='lat' dir='ltr'>in</span> <span class='ocrx_word' id='word_1_222' title='bbox 769 1724 886 1779; x_wconf 90' lang='lat' dir='ltr'>medium</span> <span class='ocrx_word' id='word_1_223' title='bbox 902 1721 1023 1790; x_wconf 88' lang='lat' dir='ltr'>afferam,</span> <span class='ocrx_word' id='word_1_224' title='bbox 1039 1723 1166 1793; x_wconf 88' lang='lat' dir='ltr'>princeps</span> <span class='ocrx_word' id='word_1_225' title='bbox 1189 1721 1383 1783; x_wconf 81' lang='lat' dir='ltr'>illustrissime.</span> <span class='ocrx_word' id='word_1_226' title='bbox 1408 1719 1512 1778; x_wconf 88' lang='lat' dir='ltr'>docebo</span> <span class='ocrx_word' id='word_1_227' title='bbox 1531 1721 1635 1790; x_wconf 86' lang='lat' dir='ltr'>absque</span> <span class='ocrx_word' id='word_1_228' title='bbox 1654 1717 1759 1788; x_wconf 81' lang='lat' dir='ltr'>piaculo</span> 
     </span>
     <span class='ocr_line' id='line_1_18' title="bbox 124 1806 1759 1885; baseline 0.002 -25"><span class='ocrx_word' id='word_1_229' title='bbox 124 1806 263 1861; x_wconf 88' lang='lat' dir='ltr'>hominum</span> <span class='ocrx_word' id='word_1_230' title='bbox 274 1806 321 1862; x_wconf 93' lang='lat' dir='ltr'>ulii</span> <span class='ocrx_word' id='word_1_231' title='bbox 333 1809 385 1864; x_wconf 90' lang='lat' dir='ltr'>hoc</span> <span class='ocrx_word' id='word_1_232' title='bbox 397 1810 522 1866; x_wconf 88' lang='lat' dir='ltr'>volumen</span> <span class='ocrx_word' id='word_1_233' title='bbox 537 1820 612 1866; x_wconf 85' lang='lat' dir='ltr'>extra</span> <span class='ocrx_word' id='word_1_234' title='bbox 624 1821 651 1868; x_wconf 92' lang='lat' dir='ltr'>te</span> <span class='ocrx_word' id='word_1_235' title='bbox 666 1812 802 1869; x_wconf 88' lang='lat' dir='ltr'>ascribere</span> <span class='ocrx_word' id='word_1_236' title='bbox 814 1827 858 1867; x_wconf 89' lang='lat' dir='ltr'>me</span> <span class='ocrx_word' id='word_1_237' title='bbox 881 1827 999 1885; x_wconf 86' lang='lat' dir='ltr'>uuquam</span> <span class='ocrx_word' id='word_1_238' title='bbox 1015 1811 1180 1881; x_wconf 84' lang='lat' dir='ltr'>nequivisse.</span> <span class='ocrx_word' id='word_1_239' title='bbox 1209 1812 1281 1868; x_wconf 90' lang='lat' dir='ltr'>iuter</span> <span class='ocrx_word' id='word_1_240' title='bbox 1294 1810 1408 1867; x_wconf 82' lang='lat' dir='ltr'>humaui</span> <span class='ocrx_word' id='word_1_241' title='bbox 1425 1810 1530 1880; x_wconf 93' lang='lat' dir='ltr'>imperii</span> <span class='ocrx_word' id='word_1_242' title='bbox 1543 1824 1672 1879; x_wconf 84' lang='lat' dir='ltr'>proceres</span> <span class='ocrx_word' id='word_1_243' title='bbox 1686 1806 1759 1878; x_wconf 89' lang='lat' dir='ltr'>equi·</span> 
     </span>
     <span class='ocr_line' id='line_1_19' title="bbox 125 1897 1758 1977; baseline 0.004 -25"><span class='ocrx_word' id='word_1_244' title='bbox 125 1898 187 1953; x_wconf 91' lang='lat' dir='ltr'>dem</span> <span class='ocrx_word' id='word_1_245' title='bbox 210 1897 281 1954; x_wconf 90' lang='lat' dir='ltr'>hutrd</span> <span class='ocrx_word' id='word_1_246' title='bbox 302 1899 424 1955; x_wconf 89' lang='lat' dir='ltr'>infimum</span> <span class='ocrx_word' id='word_1_247' title='bbox 450 1902 538 1958; x_wconf 92' lang='lat' dir='ltr'>locum</span> <span class='ocrx_word' id='word_1_248' title='bbox 560 1913 586 1959; x_wconf 91' lang='lat' dir='ltr'>te</span> <span class='ocrx_word' id='word_1_249' title='bbox 608 1903 731 1962; x_wconf 90' lang='lat' dir='ltr'>obtinere</span> <span class='ocrx_word' id='word_1_250' title='bbox 754 1908 799 1976; x_wconf 90' lang='lat' dir='ltr'>qui</span> <span class='ocrx_word' id='word_1_251' title='bbox 824 1906 1004 1977; x_wconf 87' lang='lat' dir='ltr'>nesciatputo</span> <span class='ocrx_word' id='word_1_252' title='bbox 1020 1907 1165 1962; x_wconf 86' lang='lat' dir='ltr'>neminem.</span> <span class='ocrx_word' id='word_1_253' title='bbox 1195 1906 1247 1962; x_wconf 87' lang='lat' dir='ltr'>Sed</span> <span class='ocrx_word' id='word_1_254' title='bbox 1272 1903 1424 1974; x_wconf 85' lang='lat' dir='ltr'>principatu</span> <span class='ocrx_word' id='word_1_255' title='bbox 1450 1903 1710 1973; x_wconf 82' lang='lat' dir='ltr'>nuperinaugurato</span> <span class='ocrx_word' id='word_1_256' title='bbox 1722 1915 1758 1966; x_wconf 84' lang='lat' dir='ltr'>te,</span> 
     </span>
     <span class='ocr_line' id='line_1_20' title="bbox 125 1990 1759 2070; baseline 0.002 -26"><span class='ocrx_word' id='word_1_257' title='bbox 125 1990 220 2059; x_wconf 89' lang='lat' dir='ltr'>quibus</span> <span class='ocrx_word' id='word_1_258' title='bbox 235 1992 391 2047; x_wconf 88' lang='lat' dir='ltr'>muneribus</span> <span class='ocrx_word' id='word_1_259' title='bbox 403 2008 453 2062; x_wconf 92' lang='lat' dir='ltr'>pro</span> <span class='ocrx_word' id='word_1_260' title='bbox 464 2008 539 2050; x_wconf 88' lang='lat' dir='ltr'>mure</span> <span class='ocrx_word' id='word_1_261' title='bbox 553 1995 600 2051; x_wconf 89' lang='lat' dir='ltr'>tibi</span> <span class='ocrx_word' id='word_1_262' title='bbox 613 1998 763 2069; x_wconf 90' lang='lat' dir='ltr'>gratularer</span> <span class='ocrx_word' id='word_1_263' title='bbox 772 2001 952 2067; x_wconf 86' lang='lat' dir='ltr'>commodius,</span> <span class='ocrx_word' id='word_1_264' title='bbox 964 2014 1044 2070; x_wconf 92' lang='lat' dir='ltr'>quam</span> <span class='ocrx_word' id='word_1_265' title='bbox 1056 1997 1152 2054; x_wconf 86' lang='lat' dir='ltr'>iisdem</span> <span class='ocrx_word' id='word_1_266' title='bbox 1162 1996 1338 2068; x_wconf 90' lang='lat' dir='ltr'>ipsis,quibus</span> <span class='ocrx_word' id='word_1_267' title='bbox 1352 1995 1479 2065; x_wconf 91' lang='lat' dir='ltr'>princeps</span> <span class='ocrx_word' id='word_1_268' title='bbox 1492 1994 1617 2063; x_wconf 85' lang='lat' dir='ltr'>pientiss.</span> <span class='ocrx_word' id='word_1_269' title='bbox 1634 1992 1759 2062; x_wconf 86' lang='lat' dir='ltr'>quisque,</span> 
     </span>
     <span class='ocr_line' id='line_1_21' title="bbox 126 2081 1760 2164; baseline 0.007 -28"><span class='ocrx_word' id='word_1_270' title='bbox 126 2091 151 2136; x_wconf 86' lang='lat' dir='ltr'>at</span> <span class='ocrx_word' id='word_1_271' title='bbox 163 2084 286 2157; x_wconf 88' lang='lat' dir='ltr'>religioni</span> <span class='ocrx_word' id='word_1_272' title='bbox 303 2102 375 2141; x_wconf 74' lang='lat' dir='ltr'>veras</span> <span class='ocrx_word' id='word_1_273' title='bbox 387 2103 440 2145; x_wconf 90' lang='lat' dir='ltr'>uon</span> <span class='ocrx_word' id='word_1_274' title='bbox 456 2088 581 2145; x_wconf 88' lang='lat' dir='ltr'>inimicus</span> <span class='ocrx_word' id='word_1_275' title='bbox 600 2090 769 2147; x_wconf 92' lang='lat' dir='ltr'>subditorum</span> <span class='ocrx_word' id='word_1_276' title='bbox 784 2106 814 2148; x_wconf 90' lang='lat' dir='ltr'>se</span> <span class='ocrx_word' id='word_1_277' title='bbox 829 2107 983 2164; x_wconf 76' lang='lat' dir='ltr'>preparare</span> <span class='ocrx_word' id='word_1_278' title='bbox 994 2093 1147 2162; x_wconf 85' lang='lat' dir='ltr'>exemplum</span> <span class='ocrx_word' id='word_1_279' title='bbox 1162 2089 1392 2162; x_wconf 88' lang='lat' dir='ltr'>probatissimum,</span> <span class='ocrx_word' id='word_1_280' title='bbox 1406 2087 1523 2156; x_wconf 92' lang='lat' dir='ltr'>denique</span> <span class='ocrx_word' id='word_1_281' title='bbox 1545 2100 1614 2156; x_wconf 89' lang='lat' dir='ltr'>quus</span> <span class='ocrx_word' id='word_1_282' title='bbox 1637 2085 1708 2155; x_wconf 86' lang='lat' dir='ltr'>regit</span> <span class='ocrx_word' id='word_1_283' title='bbox 1727 2081 1760 2146; x_wconf 74' lang='lat' dir='ltr'>al</span> 
     </span>
     <span class='ocr_line' id='line_1_22' title="bbox 126 2176 1760 2256; baseline 0.001 -27"><span class='ocrx_word' id='word_1_284' title='bbox 126 2177 209 2245; x_wconf 88' lang='lat' dir='ltr'>pacis,</span> <span class='ocrx_word' id='word_1_285' title='bbox 225 2179 390 2248; x_wconf 83' lang='lat' dir='ltr'>concordiae,</span> <span class='ocrx_word' id='word_1_286' title='bbox 415 2181 554 2238; x_wconf 90' lang='lat' dir='ltr'>amoriset</span> <span class='ocrx_word' id='word_1_287' title='bbox 574 2185 776 2256; x_wconf 78' lang='lat' dir='ltr'>tranquillitatis</span> <span class='ocrx_word' id='word_1_288' title='bbox 789 2185 960 2244; x_wconf 91' lang='lat' dir='ltr'>dulcedinem</span> <span class='ocrx_word' id='word_1_289' title='bbox 985 2199 1115 2243; x_wconf 86' lang='lat' dir='ltr'>revocare</span> <span class='ocrx_word' id='word_1_290' title='bbox 1131 2182 1242 2254; x_wconf 89' lang='lat' dir='ltr'>potesti</span> <span class='ocrx_word' id='word_1_291' title='bbox 1261 2179 1446 2250; x_wconf 80' lang='lat' dir='ltr'>Quaquidem</span> <span class='ocrx_word' id='word_1_292' title='bbox 1461 2176 1691 2235; x_wconf 87' lang='lat' dir='ltr'>divinisoracuiis</span> <span class='ocrx_word' id='word_1_293' title='bbox 1703 2183 1760 2232; x_wconf 72' lang='grc' dir='ltr'>ιιι</span> 
     </span>
     <span class='ocr_line' id='line_1_23' title="bbox 128 2270 1761 2351; baseline 0.001 -31"><span class='ocrx_word' id='word_1_294' title='bbox 128 2277 183 2321; x_wconf 95' lang='lat' dir='ltr'>tum</span> <span class='ocrx_word' id='word_1_295' title='bbox 201 2270 330 2328; x_wconf 91' lang='lat' dir='ltr'>imbibere</span> <span class='ocrx_word' id='word_1_296' title='bbox 349 2287 381 2328; x_wconf 90' lang='lat' dir='ltr'>ac</span> <span class='ocrx_word' id='word_1_297' title='bbox 394 2273 517 2332; x_wconf 85' lang='lat' dir='ltr'>ediscere</span> <span class='ocrx_word' id='word_1_298' title='bbox 530 2290 618 2345; x_wconf 87' lang='lat' dir='ltr'>posse,</span> <span class='ocrx_word' id='word_1_299' title='bbox 634 2278 685 2333; x_wconf 89' lang='lat' dir='ltr'>ttisi</span> <span class='ocrx_word' id='word_1_300' title='bbox 700 2278 756 2334; x_wconf 85' lang='lat' dir='ltr'>beo</span> <span class='ocrx_word' id='word_1_301' title='bbox 770 2279 831 2350; x_wconf 85' lang='lat' dir='ltr'>Opt.</span> <span class='ocrx_word' id='word_1_302' title='bbox 847 2279 916 2335; x_wconf 82' lang='lat' dir='ltr'>diat.</span> <span class='ocrx_word' id='word_1_303' title='bbox 931 2281 1053 2351; x_wconf 88' lang='lat' dir='ltr'>ingratus</span> <span class='ocrx_word' id='word_1_304' title='bbox 1074 2278 1156 2345; x_wconf 91' lang='lat' dir='ltr'>velit,</span> <span class='ocrx_word' id='word_1_305' title='bbox 1173 2278 1261 2349; x_wconf 81' lang='lat' dir='ltr'>quiris</span> <span class='ocrx_word' id='word_1_306' title='bbox 1276 2276 1402 2332; x_wconf 79' lang='lat' dir='ltr'>fatebitur</span> <span class='ocrx_word' id='word_1_307' title='bbox 1419 2275 1544 2343; x_wconf 88' lang='lat' dir='ltr'>ingenue,</span> <span class='ocrx_word' id='word_1_308' title='bbox 1562 2286 1595 2328; x_wconf 83' lang='lat' dir='ltr'>ae</span> <span class='ocrx_word' id='word_1_309' title='bbox 1609 2277 1685 2325; x_wconf 79' lang='lat' dir='ltr'>tauto</span> <span class='ocrx_word' id='word_1_310' title='bbox 1705 2281 1761 2323; x_wconf 85' lang='lat' dir='ltr'>nta-</span> 
     </span>
     <span class='ocr_line' id='line_1_24' title="bbox 128 2360 1761 2442; baseline 0 -27"><span class='ocrx_word' id='word_1_311' title='bbox 128 2362 179 2428; x_wconf 89' lang='lat' dir='ltr'>gis,</span> <span class='ocrx_word' id='word_1_312' title='bbox 203 2372 305 2432; x_wconf 88' lang='lat' dir='ltr'>quantu</span> <span class='ocrx_word' id='word_1_313' title='bbox 328 2366 431 2435; x_wconf 91' lang='lat' dir='ltr'>piorum</span> <span class='ocrx_word' id='word_1_314' title='bbox 459 2368 550 2424; x_wconf 85' lang='lat' dir='ltr'>studio</span> <span class='ocrx_word' id='word_1_315' title='bbox 571 2369 615 2440; x_wconf 89' lang='lat' dir='ltr'>pie</span> <span class='ocrx_word' id='word_1_316' title='bbox 635 2369 809 2440; x_wconf 89' lang='lat' dir='ltr'>interpretatu</span> <span class='ocrx_word' id='word_1_317' title='bbox 824 2387 857 2427; x_wconf 87' lang='lat' dir='ltr'>ue</span> <span class='ocrx_word' id='word_1_318' title='bbox 871 2373 1005 2429; x_wconf 86' lang='lat' dir='ltr'>illustrata</span> <span class='ocrx_word' id='word_1_319' title='bbox 1021 2379 1082 2428; x_wconf 91' lang='lat' dir='ltr'>suut</span> <span class='ocrx_word' id='word_1_320' title='bbox 1096 2385 1156 2442; x_wconf 80' lang='lat' dir='ltr'>quae</span> <span class='ocrx_word' id='word_1_321' title='bbox 1169 2370 1196 2424; x_wconf 92' lang='lat' dir='ltr'>in</span> <span class='ocrx_word' id='word_1_322' title='bbox 1221 2368 1321 2425; x_wconf 85' lang='lat' dir='ltr'>divinis</span> <span class='ocrx_word' id='word_1_323' title='bbox 1334 2368 1431 2425; x_wconf 88' lang='lat' dir='ltr'>fitteris</span> <span class='ocrx_word' id='word_1_324' title='bbox 1445 2365 1612 2422; x_wconf 85' lang='lat' dir='ltr'>subobscura</span> <span class='ocrx_word' id='word_1_325' title='bbox 1626 2360 1761 2417; x_wconf 88' lang='lat' dir='ltr'>videntur.</span> 
     </span>
     <span class='ocr_line' id='line_1_25' title="bbox 127 2450 1762 2533; baseline 0 -27"><span class='ocrx_word' id='word_1_326' title='bbox 127 2450 213 2519; x_wconf 80' lang='lat' dir='ltr'>hvide,</span> <span class='ocrx_word' id='word_1_327' title='bbox 229 2455 300 2523; x_wconf 92' lang='lat' dir='ltr'>quod</span> <span class='ocrx_word' id='word_1_328' title='bbox 323 2458 477 2526; x_wconf 89' lang='lat' dir='ltr'>imperatori</span> <span class='ocrx_word' id='word_1_329' title='bbox 500 2461 592 2532; x_wconf 92' lang='lat' dir='ltr'>aliquo</span> <span class='ocrx_word' id='word_1_330' title='bbox 616 2460 763 2518; x_wconf 88' lang='lat' dir='ltr'>fortissimo</span> <span class='ocrx_word' id='word_1_331' title='bbox 778 2464 879 2519; x_wconf 88' lang='lat' dir='ltr'>alienas</span> <span class='ocrx_word' id='word_1_332' title='bbox 893 2462 1058 2533; x_wconf 82' lang='lat' dir='ltr'>disciplinas,</span> <span class='ocrx_word' id='word_1_333' title='bbox 1083 2470 1112 2517; x_wconf 90' lang='lat' dir='ltr'>ut</span> <span class='ocrx_word' id='word_1_334' title='bbox 1126 2470 1190 2533; x_wconf 92' lang='lat' dir='ltr'>puta</span> <span class='ocrx_word' id='word_1_335' title='bbox 1203 2459 1330 2531; x_wconf 89' lang='lat' dir='ltr'>pingendi</span> <span class='ocrx_word' id='word_1_336' title='bbox 1343 2467 1441 2522; x_wconf 89' lang='lat' dir='ltr'>artem,</span> <span class='ocrx_word' id='word_1_337' title='bbox 1458 2455 1508 2510; x_wconf 92' lang='lat' dir='ltr'>nisi</span> <span class='ocrx_word' id='word_1_338' title='bbox 1521 2454 1547 2509; x_wconf 90' lang='lat' dir='ltr'>in</span> <span class='ocrx_word' id='word_1_339' title='bbox 1561 2453 1618 2509; x_wconf 88' lang='lat' dir='ltr'>otio</span> <span class='ocrx_word' id='word_1_340' title='bbox 1632 2452 1685 2510; x_wconf 88' lang='lat' dir='ltr'>rite</span> <span class='ocrx_word' id='word_1_341' title='bbox 1696 2466 1762 2507; x_wconf 77' lang='lat' dir='ltr'>nun·</span> 
     </span>
     <span class='ocr_line' id='line_1_26' title="bbox 129 2545 1763 2625; baseline 0.004 -31"><span class='ocrx_word' id='word_1_342' title='bbox 129 2557 208 2612; x_wconf 91' lang='lat' dir='ltr'>quam</span> <span class='ocrx_word' id='word_1_343' title='bbox 223 2545 393 2614; x_wconf 87' lang='lat' dir='ltr'>ascriberes,</span> <span class='ocrx_word' id='word_1_344' title='bbox 419 2563 481 2604; x_wconf 89' lang='lat' dir='ltr'>eum</span> <span class='ocrx_word' id='word_1_345' title='bbox 504 2552 628 2608; x_wconf 90' lang='lat' dir='ltr'>militaris</span> <span class='ocrx_word' id='word_1_346' title='bbox 653 2553 794 2625; x_wconf 87' lang='lat' dir='ltr'>disciplina</span> <span class='ocrx_word' id='word_1_347' title='bbox 807 2555 943 2611; x_wconf 86' lang='lat' dir='ltr'>reddenda</span> <span class='ocrx_word' id='word_1_348' title='bbox 963 2563 1051 2610; x_wconf 91' lang='lat' dir='ltr'>essct:</span> <span class='ocrx_word' id='word_1_349' title='bbox 1077 2554 1124 2610; x_wconf 93' lang='lat' dir='ltr'>sed</span> <span class='ocrx_word' id='word_1_350' title='bbox 1139 2553 1243 2608; x_wconf 87' lang='lat' dir='ltr'>abbatis</span> <span class='ocrx_word' id='word_1_351' title='bbox 1259 2551 1295 2621; x_wconf 90' lang='lat' dir='ltr'>pii</span> <span class='ocrx_word' id='word_1_352' title='bbox 1308 2550 1395 2606; x_wconf 89' lang='lat' dir='ltr'>studia</span> <span class='ocrx_word' id='word_1_353' title='bbox 1419 2547 1508 2605; x_wconf 90' lang='lat' dir='ltr'>abbati</span> <span class='ocrx_word' id='word_1_354' title='bbox 1535 2547 1665 2603; x_wconf 86' lang='lat' dir='ltr'>dedicare</span> <span class='ocrx_word' id='word_1_355' title='bbox 1682 2547 1763 2614; x_wconf 89' lang='lat' dir='ltr'>bono,</span> 
     </span>
     <span class='ocr_line' id='line_1_27' title="bbox 129 2633 1764 2713; baseline 0.004 -28"><span class='ocrx_word' id='word_1_356' title='bbox 129 2633 273 2689; x_wconf 85' lang='lat' dir='ltr'>absurdum</span> <span class='ocrx_word' id='word_1_357' title='bbox 287 2636 347 2707; x_wconf 88' lang='lat' dir='ltr'>quis</span> <span class='ocrx_word' id='word_1_358' title='bbox 364 2639 435 2694; x_wconf 89' lang='lat' dir='ltr'>dicat</span> <span class='ocrx_word' id='word_1_359' title='bbox 449 2655 567 2710; x_wconf 89' lang='lat' dir='ltr'>uuquam</span> <span class='ocrx_word' id='word_1_360' title='bbox 580 2659 587 2695; x_wconf 82' lang='grc' dir='ltr'>ι</span> <span class='ocrx_word' id='word_1_361' title='bbox 602 2642 688 2709; x_wconf 86' lang='lat' dir='ltr'>Quam</span> <span class='ocrx_word' id='word_1_362' title='bbox 704 2644 804 2701; x_wconf 90' lang='lat' dir='ltr'>nostris</span> <span class='ocrx_word' id='word_1_363' title='bbox 819 2633 960 2702; x_wconf 86' lang='lat' dir='ltr'>euim&#39;uun</span> <span class='ocrx_word' id='word_1_364' title='bbox 974 2643 1069 2699; x_wconf 88' lang='lat' dir='ltr'>alienis</span> <span class='ocrx_word' id='word_1_365' title='bbox 1083 2643 1250 2713; x_wconf 88' lang='lat' dir='ltr'>temporibus</span> <span class='ocrx_word' id='word_1_366' title='bbox 1266 2640 1422 2713; x_wconf 77' lang='lat' dir='ltr'>Eugyppius</span> <span class='ocrx_word' id='word_1_367' title='bbox 1437 2639 1498 2705; x_wconf 93' lang='lat' dir='ltr'>hic,</span> <span class='ocrx_word' id='word_1_368' title='bbox 1513 2638 1555 2693; x_wconf 90' lang='lat' dir='ltr'>bis</span> <span class='ocrx_word' id='word_1_369' title='bbox 1571 2635 1710 2694; x_wconf 85' lang='lat' dir='ltr'>laboribus</span> <span class='ocrx_word' id='word_1_370' title='bbox 1723 2638 1764 2692; x_wconf 87' lang='lat' dir='ltr'>in·</span> 
     </span>
     <span class='ocr_line' id='line_1_28' title="bbox 129 2724 1765 2803; baseline 0.005 -26"><span class='ocrx_word' id='word_1_371' title='bbox 129 2724 254 2792; x_wconf 90' lang='lat' dir='ltr'>sudavit,</span> <span class='ocrx_word' id='word_1_372' title='bbox 279 2741 314 2781; x_wconf 81' lang='lat' dir='ltr'>es</span> <span class='ocrx_word' id='word_1_373' title='bbox 330 2727 388 2784; x_wconf 87' lang='lat' dir='ltr'>i&#39;ita</span> <span class='ocrx_word' id='word_1_374' title='bbox 409 2744 490 2800; x_wconf 88' lang='lat' dir='ltr'>quatu</span> <span class='ocrx_word' id='word_1_375' title='bbox 512 2731 631 2788; x_wconf 87' lang='lat' dir='ltr'>secundo</span> <span class='ocrx_word' id='word_1_376' title='bbox 642 2732 727 2788; x_wconf 82' lang='lat' dir='ltr'>Temo</span> <span class='ocrx_word' id='word_1_377' title='bbox 741 2732 820 2803; x_wconf 84' lang='lat' dir='ltr'>hujtts</span> <span class='ocrx_word' id='word_1_378' title='bbox 833 2734 933 2803; x_wconf 85' lang='lat' dir='ltr'>operis,</span> <span class='ocrx_word' id='word_1_379' title='bbox 950 2733 1113 2803; x_wconf 88' lang='lat' dir='ltr'>praefationis</span> <span class='ocrx_word' id='word_1_380' title='bbox 1125 2734 1186 2789; x_wconf 91' lang='lat' dir='ltr'>ioco</span> <span class='ocrx_word' id='word_1_381' title='bbox 1200 2733 1379 2797; x_wconf 80' lang='lat' dir='ltr'>exaravimus,</span> <span class='ocrx_word' id='word_1_382' title='bbox 1394 2729 1488 2787; x_wconf 88' lang='lat' dir='ltr'>videre</span> <span class='ocrx_word' id='word_1_383' title='bbox 1503 2727 1566 2783; x_wconf 89' lang='lat' dir='ltr'>licet</span> <span class='ocrx_word' id='word_1_384' title='bbox 1576 2727 1629 2800; x_wconf 88' lang='lat' dir='ltr'>(u).</span> <span class='ocrx_word' id='word_1_385' title='bbox 1651 2727 1765 2785; x_wconf 72' lang='lat' dir='ltr'>Verum</span> 
     </span>
     <span class='ocr_line' id='line_1_29' title="bbox 129 2817 1766 2892; baseline 0.001 -20"><span class='ocrx_word' id='word_1_386' title='bbox 129 2818 266 2874; x_wconf 85' lang='lat' dir='ltr'>enimvero</span> <span class='ocrx_word' id='word_1_387' title='bbox 278 2834 338 2889; x_wconf 83' lang='lat' dir='ltr'>quae</span> <span class='ocrx_word' id='word_1_388' title='bbox 352 2831 416 2877; x_wconf 89' lang='lat' dir='ltr'>tune</span> <span class='ocrx_word' id='word_1_389' title='bbox 430 2822 560 2892; x_wconf 86' lang='lat' dir='ltr'>temporis</span> <span class='ocrx_word' id='word_1_390' title='bbox 582 2821 730 2880; x_wconf 81' lang='lat' dir='ltr'>Ecclesiam</span> <span class='ocrx_word' id='word_1_391' title='bbox 752 2824 780 2879; x_wconf 92' lang='lat' dir='ltr'>in</span> <span class='ocrx_word' id='word_1_392' title='bbox 805 2824 954 2880; x_wconf 84' lang='lat' dir='ltr'>maximum</span> <span class='ocrx_word' id='word_1_393' title='bbox 975 2823 1110 2880; x_wconf 86' lang='lat' dir='ltr'>ducebant</span> <span class='ocrx_word' id='word_1_394' title='bbox 1128 2822 1273 2879; x_wconf 91' lang='lat' dir='ltr'>discrimen</span> <span class='ocrx_word' id='word_1_395' title='bbox 1295 2819 1443 2891; x_wconf 86' lang='lat' dir='ltr'>tragoediae,</span> <span class='ocrx_word' id='word_1_396' title='bbox 1458 2819 1482 2875; x_wconf 91' lang='lat' dir='ltr'>si</span> <span class='ocrx_word' id='word_1_397' title='bbox 1497 2817 1640 2888; x_wconf 91' lang='lat' dir='ltr'>diiigenter</span> <span class='ocrx_word' id='word_1_398' title='bbox 1653 2830 1766 2889; x_wconf 83' lang='lat' dir='ltr'>perpen-</span> 
     </span>
     <span class='ocr_line' id='line_1_30' title="bbox 132 2908 1767 2987; baseline 0 -24"><span class='ocrx_word' id='word_1_399' title='bbox 132 2909 241 2978; x_wconf 91' lang='lat' dir='ltr'>dantur,</span> <span class='ocrx_word' id='word_1_400' title='bbox 257 2912 309 2968; x_wconf 91' lang='lat' dir='ltr'>buc</span> <span class='ocrx_word' id='word_1_401' title='bbox 329 2915 430 2970; x_wconf 81' lang='lat' dir='ltr'>sacculo</span> <span class='ocrx_word' id='word_1_402' title='bbox 443 2914 628 2972; x_wconf 90' lang='lat' dir='ltr'>infelicissimo</span> <span class='ocrx_word' id='word_1_403' title='bbox 648 2917 810 2973; x_wconf 79' lang='lat' dir='ltr'>exhibentur</span> <span class='ocrx_word' id='word_1_404' title='bbox 824 2924 953 2974; x_wconf 90' lang='lat' dir='ltr'>strenue:</span> <span class='ocrx_word' id='word_1_405' title='bbox 978 2915 1074 2973; x_wconf 90' lang='lat' dir='ltr'>iisdem</span> <span class='ocrx_word' id='word_1_406' title='bbox 1090 2929 1154 2987; x_wconf 88' lang='lat' dir='ltr'>ergo</span> <span class='ocrx_word' id='word_1_407' title='bbox 1166 2914 1325 2985; x_wconf 89' lang='lat' dir='ltr'>pierumque</span> <span class='ocrx_word' id='word_1_408' title='bbox 1338 2910 1475 2976; x_wconf 88' lang='lat' dir='ltr'>remediis,</span> <span class='ocrx_word' id='word_1_409' title='bbox 1490 2911 1587 2980; x_wconf 92' lang='lat' dir='ltr'>quibus</span> <span class='ocrx_word' id='word_1_410' title='bbox 1603 2909 1660 2965; x_wconf 76' lang='lat' dir='ltr'>titt.</span> <span class='ocrx_word' id='word_1_411' title='bbox 1677 2908 1767 2978; x_wconf 79' lang='lat' dir='ltr'>hugu-</span> 
     </span>
     <span class='ocr_line' id='line_1_31' title="bbox 132 2996 1769 3077; baseline -0.001 -21"><span class='ocrx_word' id='word_1_412' title='bbox 132 3004 232 3058; x_wconf 88' lang='lat' dir='ltr'>stiuum</span> <span class='ocrx_word' id='word_1_413' title='bbox 249 3018 281 3059; x_wconf 88' lang='lat' dir='ltr'>ac</span> <span class='ocrx_word' id='word_1_414' title='bbox 295 3004 461 3077; x_wconf 83' lang='lat' dir='ltr'>Eugyppium</span> <span class='ocrx_word' id='word_1_415' title='bbox 478 3022 539 3062; x_wconf 90' lang='lat' dir='ltr'>usos</span> <span class='ocrx_word' id='word_1_416' title='bbox 553 3023 615 3063; x_wconf 89' lang='lat' dir='ltr'>esse</span> <span class='ocrx_word' id='word_1_417' title='bbox 629 3007 754 3075; x_wconf 86' lang='lat' dir='ltr'>vidimus,</span> <span class='ocrx_word' id='word_1_418' title='bbox 767 3007 976 3064; x_wconf 87' lang='lat' dir='ltr'>succurrendum</span> <span class='ocrx_word' id='word_1_419' title='bbox 990 3007 1052 3077; x_wconf 89' lang='lat' dir='ltr'>quis</span> <span class='ocrx_word' id='word_1_420' title='bbox 1065 3003 1165 3076; x_wconf 87' lang='lat' dir='ltr'>tregeti</span> <span class='ocrx_word' id='word_1_421' title='bbox 1185 3003 1222 3059; x_wconf 81' lang='lat' dir='ltr'>ht</span> <span class='ocrx_word' id='word_1_422' title='bbox 1233 3001 1344 3059; x_wconf 87' lang='lat' dir='ltr'>difficile</span> <span class='ocrx_word' id='word_1_423' title='bbox 1356 3009 1412 3057; x_wconf 84' lang='lat' dir='ltr'>-cst</span> <span class='ocrx_word' id='word_1_424' title='bbox 1433 3010 1563 3070; x_wconf 86' lang='lat' dir='ltr'>aegrotum</span> <span class='ocrx_word' id='word_1_425' title='bbox 1580 3000 1656 3071; x_wconf 84' lang='lat' dir='ltr'>gravi</span> <span class='ocrx_word' id='word_1_426' title='bbox 1673 2996 1769 3055; x_wconf 86' lang='lat' dir='ltr'>morbo</span> 
     </span>
     <span class='ocr_line' id='line_1_32' title="bbox 132 3089 1769 3170; baseline -0.002 -20"><span class='ocrx_word' id='word_1_427' title='bbox 132 3105 254 3151; x_wconf 89' lang='lat' dir='ltr'>curatum</span> <span class='ocrx_word' id='word_1_428' title='bbox 268 3097 313 3164; x_wconf 91' lang='lat' dir='ltr'>iri,</span> <span class='ocrx_word' id='word_1_429' title='bbox 330 3101 353 3153; x_wconf 93' lang='lat' dir='ltr'>si</span> <span class='ocrx_word' id='word_1_430' title='bbox 365 3099 500 3155; x_wconf 90' lang='lat' dir='ltr'>medicum</span> <span class='ocrx_word' id='word_1_431' title='bbox 515 3099 559 3155; x_wconf 89' lang='lat' dir='ltr'>eui</span> <span class='ocrx_word' id='word_1_432' title='bbox 570 3100 642 3155; x_wconf 89' lang='lat' dir='ltr'>nulia</span> <span class='ocrx_word' id='word_1_433' title='bbox 657 3102 725 3157; x_wconf 90' lang='lat' dir='ltr'>inest</span> <span class='ocrx_word' id='word_1_434' title='bbox 740 3101 887 3156; x_wconf 89' lang='lat' dir='ltr'>auctoritas</span> <span class='ocrx_word' id='word_1_435' title='bbox 901 3099 1013 3166; x_wconf 85' lang='lat' dir='ltr'>babeat,</span> <span class='ocrx_word' id='word_1_436' title='bbox 1030 3113 1109 3168; x_wconf 89' lang='lat' dir='ltr'>quam</span> <span class='ocrx_word' id='word_1_437' title='bbox 1124 3099 1232 3170; x_wconf 92' lang='lat' dir='ltr'>generis</span> <span class='ocrx_word' id='word_1_438' title='bbox 1243 3111 1275 3153; x_wconf 91' lang='lat' dir='ltr'>ac</span> <span class='ocrx_word' id='word_1_439' title='bbox 1285 3095 1415 3151; x_wconf 88' lang='lat' dir='ltr'>natalium</span> <span class='ocrx_word' id='word_1_440' title='bbox 1426 3093 1555 3166; x_wconf 90' lang='lat' dir='ltr'>splendor</span> <span class='ocrx_word' id='word_1_441' title='bbox 1568 3093 1632 3147; x_wconf 91' lang='lat' dir='ltr'>viris</span> <span class='ocrx_word' id='word_1_442' title='bbox 1647 3089 1769 3162; x_wconf 83' lang='lat' dir='ltr'>probetis</span> 
     </span>
     <span class='ocr_line' id='line_1_33' title="bbox 132 3181 1768 3265; baseline -0.004 -21"><span class='ocrx_word' id='word_1_443' title='bbox 132 3190 240 3246; x_wconf 86' lang='lat' dir='ltr'>deferre</span> <span class='ocrx_word' id='word_1_444' title='bbox 255 3191 325 3247; x_wconf 90' lang='lat' dir='ltr'>solet</span> <span class='ocrx_word' id='word_1_445' title='bbox 341 3193 495 3248; x_wconf 82' lang='lat' dir='ltr'>maximam.</span> <span class='ocrx_word' id='word_1_446' title='bbox 517 3193 590 3249; x_wconf 89' lang='lat' dir='ltr'>Scite</span> <span class='ocrx_word' id='word_1_447' title='bbox 602 3193 684 3265; x_wconf 90' lang='lat' dir='ltr'>igitur</span> <span class='ocrx_word' id='word_1_448' title='bbox 698 3194 804 3264; x_wconf 88' lang='lat' dir='ltr'>vigilias</span> <span class='ocrx_word' id='word_1_449' title='bbox 817 3192 866 3249; x_wconf 88' lang='lat' dir='ltr'>has</span> <span class='ocrx_word' id='word_1_450' title='bbox 879 3192 1066 3250; x_wconf 86' lang='lat' dir='ltr'>commendavi</span> <span class='ocrx_word' id='word_1_451' title='bbox 1084 3190 1143 3258; x_wconf 92' lang='lat' dir='ltr'>tibi,</span> <span class='ocrx_word' id='word_1_452' title='bbox 1158 3189 1284 3260; x_wconf 87' lang='lat' dir='ltr'>princeps</span> <span class='ocrx_word' id='word_1_453' title='bbox 1298 3186 1448 3253; x_wconf 71' lang='lat' dir='ltr'>illustriss„</span> <span class='ocrx_word' id='word_1_454' title='bbox 1464 3186 1508 3256; x_wconf 89' lang='lat' dir='ltr'>qui</span> <span class='ocrx_word' id='word_1_455' title='bbox 1524 3183 1632 3238; x_wconf 76' lang='lat' dir='ltr'>familias</span> <span class='ocrx_word' id='word_1_456' title='bbox 1657 3196 1691 3239; x_wconf 90' lang='lat' dir='ltr'>ac</span> <span class='ocrx_word' id='word_1_457' title='bbox 1705 3181 1768 3237; x_wconf 86' lang='lat' dir='ltr'>stir-</span> 
     </span>
     <span class='ocr_line' id='line_1_34' title="bbox 133 3276 1770 3357; baseline -0.002 -23"><span class='ocrx_word' id='word_1_458' title='bbox 133 3281 175 3347; x_wconf 86' lang='lat' dir='ltr'>pis</span> <span class='ocrx_word' id='word_1_459' title='bbox 191 3290 242 3337; x_wconf 79' lang='lat' dir='ltr'>tuas</span> <span class='ocrx_word' id='word_1_460' title='bbox 266 3284 479 3352; x_wconf 78' lang='lat' dir='ltr'>generosissima</span> <span class='ocrx_word' id='word_1_461' title='bbox 503 3284 637 3354; x_wconf 77' lang='lat' dir='ltr'>maiestati</span> <span class='ocrx_word' id='word_1_462' title='bbox 658 3300 821 3357; x_wconf 89' lang='lat' dir='ltr'>magnopere</span> <span class='ocrx_word' id='word_1_463' title='bbox 843 3283 914 3341; x_wconf 91' lang='lat' dir='ltr'>iuter</span> <span class='ocrx_word' id='word_1_464' title='bbox 928 3283 1068 3354; x_wconf 87' lang='lat' dir='ltr'>Sequanos</span> <span class='ocrx_word' id='word_1_465' title='bbox 1084 3281 1234 3354; x_wconf 84' lang='lat' dir='ltr'>praecellis:</span> <span class='ocrx_word' id='word_1_466' title='bbox 1247 3280 1365 3353; x_wconf 91' lang='lat' dir='ltr'>quandiu</span> <span class='ocrx_word' id='word_1_467' title='bbox 1378 3281 1450 3336; x_wconf 90' lang='lat' dir='ltr'>enirn</span> <span class='ocrx_word' id='word_1_468' title='bbox 1466 3276 1674 3336; x_wconf 87' lang='lat' dir='ltr'>Sanctiamerirri</span> <span class='ocrx_word' id='word_1_469' title='bbox 1685 3277 1770 3346; x_wconf 83' lang='lat' dir='ltr'>impe-</span> 
     </span>
     <span class='ocr_line' id='line_1_35' title="bbox 134 3370 1771 3457; baseline 0 -31"><span class='ocrx_word' id='word_1_470' title='bbox 134 3374 203 3426; x_wconf 82' lang='lat' dir='ltr'>rium</span> <span class='ocrx_word' id='word_1_471' title='bbox 219 3371 337 3442; x_wconf 73' lang='lat' dir='ltr'>tutiores</span> <span class='ocrx_word' id='word_1_472' title='bbox 359 3376 397 3429; x_wconf 93' lang='lat' dir='ltr'>tui</span> <span class='ocrx_word' id='word_1_473' title='bbox 418 3375 579 3443; x_wconf 88' lang='lat' dir='ltr'>obtinuere,</span> <span class='ocrx_word' id='word_1_474' title='bbox 603 3376 675 3432; x_wconf 89' lang='lat' dir='ltr'>haud</span> <span class='ocrx_word' id='word_1_475' title='bbox 698 3377 824 3449; x_wconf 88' lang='lat' dir='ltr'>ignorant</span> <span class='ocrx_word' id='word_1_476' title='bbox 836 3375 953 3457; x_wconf 70' lang='lat' dir='ltr'>dustria</span> <span class='ocrx_word' id='word_1_477' title='bbox 967 3376 1103 3447; x_wconf 86' lang='lat' dir='ltr'>principes</span> <span class='ocrx_word' id='word_1_478' title='bbox 1116 3375 1296 3444; x_wconf 87' lang='lat' dir='ltr'>serenissimi,</span> <span class='ocrx_word' id='word_1_479' title='bbox 1310 3373 1356 3444; x_wconf 94' lang='lat' dir='ltr'>qui</span> <span class='ocrx_word' id='word_1_480' title='bbox 1371 3386 1452 3442; x_wconf 82' lang='lat' dir='ltr'>opera</span> <span class='ocrx_word' id='word_1_481' title='bbox 1465 3370 1631 3430; x_wconf 85' lang='lat' dir='ltr'>difficillimis</span> <span class='ocrx_word' id='word_1_482' title='bbox 1642 3370 1671 3425; x_wconf 91' lang='lat' dir='ltr'>in</span> <span class='ocrx_word' id='word_1_483' title='bbox 1688 3370 1771 3426; x_wconf 75' lang='lat' dir='ltr'>relius</span> 
     </span>
     <span class='ocr_line' id='line_1_36' title="bbox 134 3460 1771 3537; baseline 0.001 -23"><span class='ocrx_word' id='word_1_484' title='bbox 134 3462 227 3531; x_wconf 90' lang='lat' dir='ltr'>proavi</span> <span class='ocrx_word' id='word_1_485' title='bbox 243 3463 279 3517; x_wconf 93' lang='lat' dir='ltr'>tui</span> <span class='ocrx_word' id='word_1_486' title='bbox 294 3463 376 3530; x_wconf 82' lang='lat' dir='ltr'>adjuti</span> <span class='ocrx_word' id='word_1_487' title='bbox 392 3475 465 3533; x_wconf 88' lang='lat' dir='ltr'>sunt,</span> <span class='ocrx_word' id='word_1_488' title='bbox 478 3465 548 3522; x_wconf 90' lang='lat' dir='ltr'>bello</span> <span class='ocrx_word' id='word_1_489' title='bbox 562 3466 609 3522; x_wconf 92' lang='lat' dir='ltr'>iiio</span> <span class='ocrx_word' id='word_1_490' title='bbox 623 3469 787 3524; x_wconf 76' lang='lat' dir='ltr'>Armeniaca</span> <span class='ocrx_word' id='word_1_491' title='bbox 799 3484 806 3522; x_wconf 90' lang='lat'>:</span> <span class='ocrx_word' id='word_1_492' title='bbox 818 3466 934 3537; x_wconf 89' lang='lat' dir='ltr'>denique</span> <span class='ocrx_word' id='word_1_493' title='bbox 950 3465 1075 3521; x_wconf 87' lang='lat' dir='ltr'>omuibus</span> <span class='ocrx_word' id='word_1_494' title='bbox 1091 3473 1145 3520; x_wconf 89' lang='lat' dir='ltr'>tam</span> <span class='ocrx_word' id='word_1_495' title='bbox 1162 3474 1224 3521; x_wconf 84' lang='lat' dir='ltr'>nota</span> <span class='ocrx_word' id='word_1_496' title='bbox 1239 3474 1298 3529; x_wconf 89' lang='lat' dir='ltr'>est,</span> <span class='ocrx_word' id='word_1_497' title='bbox 1311 3479 1391 3534; x_wconf 92' lang='lat' dir='ltr'>quam</span> <span class='ocrx_word' id='word_1_498' title='bbox 1402 3462 1506 3520; x_wconf 87' lang='lat' dir='ltr'>liberati</span> <span class='ocrx_word' id='word_1_499' title='bbox 1521 3462 1686 3533; x_wconf 86' lang='lat' dir='ltr'>ingenuitate</span> <span class='ocrx_word' id='word_1_500' title='bbox 1700 3460 1771 3518; x_wconf 85' lang='lat' dir='ltr'>Geb-</span> 
     </span>
     <span class='ocr_line' id='line_1_37' title="bbox 135 3552 1772 3631; baseline 0.005 -27"><span class='ocrx_word' id='word_1_501' title='bbox 135 3552 219 3622; x_wconf 82' lang='lat' dir='ltr'>wyler</span> <span class='ocrx_word' id='word_1_502' title='bbox 233 3553 360 3622; x_wconf 92' lang='lat' dir='ltr'>oppidum</span> <span class='ocrx_word' id='word_1_503' title='bbox 378 3555 501 3623; x_wconf 86' lang='lat' dir='ltr'>illustrat,</span> <span class='ocrx_word' id='word_1_504' title='bbox 518 3569 550 3612; x_wconf 90' lang='lat' dir='ltr'>ac</span> <span class='ocrx_word' id='word_1_505' title='bbox 564 3565 710 3627; x_wconf 87' lang='lat' dir='ltr'>egestatem</span> <span class='ocrx_word' id='word_1_506' title='bbox 734 3557 806 3615; x_wconf 91' lang='lat' dir='ltr'>fovet</span> <span class='ocrx_word' id='word_1_507' title='bbox 826 3559 927 3616; x_wconf 90' lang='lat' dir='ltr'>civium</span> <span class='ocrx_word' id='word_1_508' title='bbox 951 3558 1144 3631; x_wconf 84' lang='lat' dir='ltr'>benignissime</span> <span class='ocrx_word' id='word_1_509' title='bbox 1164 3558 1255 3619; x_wconf 82' lang='lat' dir='ltr'>Saustt</span> <span class='ocrx_word' id='word_1_510' title='bbox 1270 3558 1369 3615; x_wconf 83' lang='lat' dir='ltr'>familia</span> <span class='ocrx_word' id='word_1_511' title='bbox 1384 3557 1552 3618; x_wconf 81' lang='lat' dir='ltr'>celebratiss.</span> <span class='ocrx_word' id='word_1_512' title='bbox 1574 3557 1669 3613; x_wconf 76' lang='lat' dir='ltr'>Tantis</span> <span class='ocrx_word' id='word_1_513' title='bbox 1683 3565 1772 3626; x_wconf 73' lang='lat' dir='ltr'>tept-</span> 
     </span>
     <span class='ocr_line' id='line_1_38' title="bbox 135 3645 1771 3720; baseline 0.001 -21"><span class='ocrx_word' id='word_1_514' title='bbox 135 3645 257 3701; x_wconf 90' lang='lat' dir='ltr'>reutibus</span> <span class='ocrx_word' id='word_1_515' title='bbox 272 3655 362 3703; x_wconf 89' lang='lat' dir='ltr'>autern</span> <span class='ocrx_word' id='word_1_516' title='bbox 376 3658 467 3705; x_wconf 93' lang='lat' dir='ltr'>uatum</span> <span class='ocrx_word' id='word_1_517' title='bbox 480 3663 560 3716; x_wconf 88' lang='lat' dir='ltr'>esse,</span> <span class='ocrx_word' id='word_1_518' title='bbox 585 3664 646 3705; x_wconf 90' lang='lat' dir='ltr'>cum</span> <span class='ocrx_word' id='word_1_519' title='bbox 661 3664 715 3706; x_wconf 91' lang='lat' dir='ltr'>nott</span> <span class='ocrx_word' id='word_1_520' title='bbox 731 3649 869 3707; x_wconf 89' lang='lat' dir='ltr'>minimum</span> <span class='ocrx_word' id='word_1_521' title='bbox 885 3651 1001 3708; x_wconf 84' lang='lat' dir='ltr'>furtuuae</span> <span class='ocrx_word' id='word_1_522' title='bbox 1015 3665 1114 3707; x_wconf 92' lang='lat' dir='ltr'>munus</span> <span class='ocrx_word' id='word_1_523' title='bbox 1128 3650 1264 3707; x_wconf 83' lang='lat' dir='ltr'>aestimare</span> <span class='ocrx_word' id='word_1_524' title='bbox 1277 3649 1374 3718; x_wconf 90' lang='lat' dir='ltr'>possis,</span> <span class='ocrx_word' id='word_1_525' title='bbox 1391 3647 1491 3720; x_wconf 87' lang='lat' dir='ltr'>quoda</span> <span class='ocrx_word' id='word_1_526' title='bbox 1505 3648 1658 3714; x_wconf 79' lang='lat' dir='ltr'>cunabulis,</span> <span class='ocrx_word' id='word_1_527' title='bbox 1672 3647 1771 3718; x_wconf 92' lang='lat' dir='ltr'>quibus</span> 
     </span>
     <span class='ocr_line' id='line_1_39' title="bbox 134 3733 1772 3813; baseline -0.002 -20"><span class='ocrx_word' id='word_1_528' title='bbox 134 3737 266 3807; x_wconf 88' lang='lat' dir='ltr'>ignobiles</span> <span class='ocrx_word' id='word_1_529' title='bbox 281 3739 389 3810; x_wconf 88' lang='lat' dir='ltr'>ingenui</span> <span class='ocrx_word' id='word_1_530' title='bbox 412 3741 571 3811; x_wconf 90' lang='lat' dir='ltr'>redduntur,</span> <span class='ocrx_word' id='word_1_531' title='bbox 597 3756 644 3799; x_wconf 91' lang='lat' dir='ltr'>cas</span> <span class='ocrx_word' id='word_1_532' title='bbox 668 3753 740 3798; x_wconf 88' lang='lat' dir='ltr'>artes</span> <span class='ocrx_word' id='word_1_533' title='bbox 755 3740 875 3798; x_wconf 84' lang='lat' dir='ltr'>didicere</span> <span class='ocrx_word' id='word_1_534' title='bbox 891 3749 918 3798; x_wconf 88' lang='lat' dir='ltr'>te</span> <span class='ocrx_word' id='word_1_535' title='bbox 931 3741 1082 3806; x_wconf 87' lang='lat' dir='ltr'>voluerunt,</span> <span class='ocrx_word' id='word_1_536' title='bbox 1104 3741 1201 3813; x_wconf 87' lang='lat' dir='ltr'>quibus</span> <span class='ocrx_word' id='word_1_537' title='bbox 1215 3740 1242 3796; x_wconf 91' lang='lat' dir='ltr'>in</span> <span class='ocrx_word' id='word_1_538' title='bbox 1257 3756 1362 3797; x_wconf 91' lang='lat' dir='ltr'>summo</span> <span class='ocrx_word' id='word_1_539' title='bbox 1375 3740 1434 3795; x_wconf 87' lang='lat' dir='ltr'>viru</span> <span class='ocrx_word' id='word_1_540' title='bbox 1447 3737 1613 3811; x_wconf 90' lang='lat' dir='ltr'>splendidius</span> <span class='ocrx_word' id='word_1_541' title='bbox 1627 3749 1691 3792; x_wconf 70' lang='lat' dir='ltr'>esse</span> <span class='ocrx_word' id='word_1_542' title='bbox 1705 3733 1772 3791; x_wconf 90' lang='lat' dir='ltr'>nibil</span> 
     </span>
     <span class='ocr_line' id='line_1_40' title="bbox 138 3819 1793 3903; baseline -0.002 -20"><span class='ocrx_word' id='word_1_543' title='bbox 138 3839 237 3899; x_wconf 78' lang='lat' dir='ltr'>potest,</span> <span class='ocrx_word' id='word_1_544' title='bbox 253 3831 357 3888; x_wconf 88' lang='lat' dir='ltr'>litteras</span> <span class='ocrx_word' id='word_1_545' title='bbox 370 3833 471 3889; x_wconf 74' lang='lat' dir='ltr'>scilicet</span> <span class='ocrx_word' id='word_1_546' title='bbox 484 3834 586 3900; x_wconf 87' lang='lat' dir='ltr'>bonas,</span> <span class='ocrx_word' id='word_1_547' title='bbox 613 3836 663 3890; x_wconf 91' lang='lat' dir='ltr'>hoc</span> <span class='ocrx_word' id='word_1_548' title='bbox 677 3848 781 3890; x_wconf 89' lang='lat' dir='ltr'>sunrma</span> <span class='ocrx_word' id='word_1_549' title='bbox 797 3832 876 3889; x_wconf 89' lang='lat' dir='ltr'>laude</span> <span class='ocrx_word' id='word_1_550' title='bbox 887 3833 1056 3890; x_wconf 77' lang='lat' dir='ltr'>evehendum</span> <span class='ocrx_word' id='word_1_551' title='bbox 1072 3842 1155 3903; x_wconf 91' lang='lat' dir='ltr'>puto:</span> <span class='ocrx_word' id='word_1_552' title='bbox 1171 3834 1233 3903; x_wconf 90' lang='lat' dir='ltr'>quis</span> <span class='ocrx_word' id='word_1_553' title='bbox 1247 3832 1318 3889; x_wconf 93' lang='lat' dir='ltr'>enim</span> <span class='ocrx_word' id='word_1_554' title='bbox 1332 3830 1416 3887; x_wconf 90' lang='lat' dir='ltr'>nescit</span> <span class='ocrx_word' id='word_1_555' title='bbox 1427 3843 1460 3886; x_wconf 90' lang='lat' dir='ltr'>eo</span> <span class='ocrx_word' id='word_1_556' title='bbox 1473 3828 1501 3885; x_wconf 92' lang='lat' dir='ltr'>in</span> <span class='ocrx_word' id='word_1_557' title='bbox 1513 3828 1663 3884; x_wconf 84' lang='lat' dir='ltr'>litterarum</span> <span class='ocrx_word' id='word_1_558' title='bbox 1682 3825 1772 3881; x_wconf 88' lang='lat' dir='ltr'>studio</span> <span class='ocrx_word' id='word_1_559' title='bbox 1790 3819 1793 3823; x_wconf 81' lang='grc'><strong>’</strong></span> 
     </span>
     <span class='ocr_line' id='line_1_41' title="bbox 136 3917 1772 3996; baseline -0.003 -20"><span class='ocrx_word' id='word_1_560' title='bbox 136 3923 302 3992; x_wconf 86' lang='lat' dir='ltr'>processisse</span> <span class='ocrx_word' id='word_1_561' title='bbox 317 3934 359 3989; x_wconf 91' lang='lat' dir='ltr'>tc,</span> <span class='ocrx_word' id='word_1_562' title='bbox 382 3932 411 3978; x_wconf 91' lang='lat' dir='ltr'>ut</span> <span class='ocrx_word' id='word_1_563' title='bbox 432 3925 455 3978; x_wconf 91' lang='lat' dir='ltr'>si</span> <span class='ocrx_word' id='word_1_564' title='bbox 470 3924 503 3979; x_wconf 90' lang='lat' dir='ltr'>ad</span> <span class='ocrx_word' id='word_1_565' title='bbox 517 3926 635 3994; x_wconf 84' lang='lat' dir='ltr'>reliquos</span> <span class='ocrx_word' id='word_1_566' title='bbox 649 3926 693 3996; x_wconf 93' lang='lat' dir='ltr'>qui</span> <span class='ocrx_word' id='word_1_567' title='bbox 711 3924 773 3982; x_wconf 91' lang='lat' dir='ltr'>hinc</span> <span class='ocrx_word' id='word_1_568' title='bbox 785 3924 847 3981; x_wconf 90' lang='lat' dir='ltr'>inde</span> <span class='ocrx_word' id='word_1_569' title='bbox 858 3923 977 3996; x_wconf 84' lang='lat' dir='ltr'>collegiis</span> <span class='ocrx_word' id='word_1_570' title='bbox 990 3924 1126 3996; x_wconf 88' lang='lat' dir='ltr'>imperant</span> <span class='ocrx_word' id='word_1_571' title='bbox 1148 3923 1314 3991; x_wconf 85' lang='lat' dir='ltr'>compararis</span> <span class='ocrx_word' id='word_1_572' title='bbox 1329 3922 1412 3994; x_wconf 88' lang='lat' dir='ltr'>(absit</span> <span class='ocrx_word' id='word_1_573' title='bbox 1427 3920 1508 3976; x_wconf 92' lang='lat' dir='ltr'>verbo</span> <span class='ocrx_word' id='word_1_574' title='bbox 1522 3918 1652 3984; x_wconf 80' lang='lat' dir='ltr'>invidia),</span> <span class='ocrx_word' id='word_1_575' title='bbox 1667 3917 1772 3987; x_wconf 88' lang='lat' dir='ltr'>pleros·</span> 
     </span>
    </p>
   </div>
   <div class='ocr_carea' id='block_1_3' title="bbox 29 4004 1772 4087">
    <p class='ocr_par' dir='ltr' id='par_1_3' title="bbox 29 4004 1772 4087">
     <span class='ocr_line' id='line_1_42' title="bbox 29 4004 1772 4087; baseline -0.007 -17"><span class='ocrx_word' id='word_1_576' title='bbox 29 4030 34 4034; x_wconf 89' lang='lat'>·</span> <span class='ocrx_word' id='word_1_577' title='bbox 134 4026 187 4082; x_wconf 89' lang='lat' dir='ltr'>quc</span> <span class='ocrx_word' id='word_1_578' title='bbox 199 4014 274 4083; x_wconf 91' lang='lat' dir='ltr'>quasi</span> <span class='ocrx_word' id='word_1_579' title='bbox 288 4014 436 4081; x_wconf 79' lang='lat' dir='ltr'>litterarum</span> <span class='ocrx_word' id='word_1_580' title='bbox 451 4016 562 4071; x_wconf 90' lang='lat' dir='ltr'>omuino</span> <span class='ocrx_word' id='word_1_581' title='bbox 577 4016 685 4087; x_wconf 89' lang='lat' dir='ltr'>ignaros</span> <span class='ocrx_word' id='word_1_582' title='bbox 697 4016 846 4086; x_wconf 84' lang='lat' dir='ltr'>relinquas.</span> <span class='ocrx_word' id='word_1_583' title='bbox 875 4013 944 4071; x_wconf 85' lang='lat' dir='ltr'>ilinc</span> <span class='ocrx_word' id='word_1_584' title='bbox 966 4015 1087 4071; x_wconf 89' lang='lat' dir='ltr'>arderet</span> <span class='ocrx_word' id='word_1_585' title='bbox 1103 4012 1129 4070; x_wconf 91' lang='lat' dir='ltr'>iu</span> <span class='ocrx_word' id='word_1_586' title='bbox 1152 4013 1287 4070; x_wconf 91' lang='lat' dir='ltr'>studiosos</span> <span class='ocrx_word' id='word_1_587' title='bbox 1302 4016 1451 4083; x_wconf 80' lang='lat' dir='ltr'>propensus</span> <span class='ocrx_word' id='word_1_588' title='bbox 1465 4019 1525 4065; x_wconf 93' lang='lat' dir='ltr'>tuus</span> <span class='ocrx_word' id='word_1_589' title='bbox 1549 4021 1635 4075; x_wconf 86' lang='lat' dir='ltr'>amor,</span> <span class='ocrx_word' id='word_1_590' title='bbox 1652 4006 1717 4061; x_wconf 88' lang='lat' dir='ltr'>hine</span> <span class='ocrx_word' id='word_1_591' title='bbox 1729 4004 1772 4059; x_wconf 91' lang='lat' dir='ltr'>in·</span> 
     </span>
    </p>
   </div>
   <div class='ocr_carea' id='block_1_4' title="bbox 134 4096 1777 5472">
    <p class='ocr_par' dir='ltr' id='par_1_4' title="bbox 134 4096 1777 5472">
     <span class='ocr_line' id='line_1_43' title="bbox 134 4096 1772 4185; baseline -0.004 -27"><span class='ocrx_word' id='word_1_592' title='bbox 134 4103 277 4173; x_wconf 86' lang='lat' dir='ltr'>erplebriis</span> <span class='ocrx_word' id='word_1_593' title='bbox 289 4114 351 4159; x_wconf 91' lang='lat' dir='ltr'>tuus</span> <span class='ocrx_word' id='word_1_594' title='bbox 365 4106 470 4162; x_wconf 88' lang='lat' dir='ltr'>animus</span> <span class='ocrx_word' id='word_1_595' title='bbox 485 4105 626 4162; x_wconf 90' lang='lat' dir='ltr'>ductorum</span> <span class='ocrx_word' id='word_1_596' title='bbox 641 4106 822 4163; x_wconf 88' lang='lat' dir='ltr'>voluminibus</span> <span class='ocrx_word' id='word_1_597' title='bbox 835 4105 953 4172; x_wconf 87' lang='lat' dir='ltr'>inhians,</span> <span class='ocrx_word' id='word_1_598' title='bbox 967 4120 1082 4176; x_wconf 92' lang='lat' dir='ltr'>quorum</span> <span class='ocrx_word' id='word_1_599' title='bbox 1096 4103 1233 4161; x_wconf 89' lang='lat' dir='ltr'>laboribus</span> <span class='ocrx_word' id='word_1_600' title='bbox 1256 4102 1447 4185; x_wconf 83' lang='lat' dir='ltr'>bibliothecam</span> <span class='ocrx_word' id='word_1_601' title='bbox 1462 4115 1541 4171; x_wconf 90' lang='lat' dir='ltr'>quam</span> <span class='ocrx_word' id='word_1_602' title='bbox 1565 4098 1680 4156; x_wconf 88' lang='lat' dir='ltr'>instruis</span> <span class='ocrx_word' id='word_1_603' title='bbox 1695 4096 1772 4153; x_wconf 87' lang='lat' dir='ltr'>ditis·</span> 
     </span>
     <span class='ocr_line' id='line_1_44' title="bbox 136 4182 1771 4272; baseline -0.006 -19"><span class='ocrx_word' id='word_1_604' title='bbox 136 4199 230 4253; x_wconf 78' lang='lat' dir='ltr'>simam</span> <span class='ocrx_word' id='word_1_605' title='bbox 246 4199 342 4267; x_wconf 89' lang='lat' dir='ltr'>cupis;</span> <span class='ocrx_word' id='word_1_606' title='bbox 369 4198 430 4254; x_wconf 89' lang='lat' dir='ltr'>irinc</span> <span class='ocrx_word' id='word_1_607' title='bbox 451 4200 572 4255; x_wconf 90' lang='lat' dir='ltr'>omnium</span> <span class='ocrx_word' id='word_1_608' title='bbox 587 4211 667 4267; x_wconf 87' lang='lat' dir='ltr'>tota,</span> <span class='ocrx_word' id='word_1_609' title='bbox 690 4199 735 4272; x_wconf 88' lang='lat' dir='ltr'>qui</span> <span class='ocrx_word' id='word_1_610' title='bbox 759 4200 933 4256; x_wconf 79' lang='lat' dir='ltr'>blacenatem</span> <span class='ocrx_word' id='word_1_611' title='bbox 948 4206 975 4253; x_wconf 89' lang='lat' dir='ltr'>te</span> <span class='ocrx_word' id='word_1_612' title='bbox 987 4197 1039 4254; x_wconf 90' lang='lat' dir='ltr'>sibi</span> <span class='ocrx_word' id='word_1_613' title='bbox 1054 4197 1204 4270; x_wconf 86' lang='lat' dir='ltr'>litterisque</span> <span class='ocrx_word' id='word_1_614' title='bbox 1217 4196 1263 4252; x_wconf 88' lang='lat' dir='ltr'>diu</span> <span class='ocrx_word' id='word_1_615' title='bbox 1277 4182 1448 4265; x_wconf 75' lang='lat' dir='ltr'>superstitem</span> <span class='ocrx_word' id='word_1_616' title='bbox 1463 4199 1602 4262; x_wconf 78' lang='lat' dir='ltr'>expetunt,</span> <span class='ocrx_word' id='word_1_617' title='bbox 1618 4206 1650 4247; x_wconf 90' lang='lat' dir='ltr'>ae</span> <span class='ocrx_word' id='word_1_618' title='bbox 1673 4191 1730 4262; x_wconf 84' lang='lat' dir='ltr'>jam</span> <span class='ocrx_word' id='word_1_619' title='bbox 1745 4189 1771 4243; x_wconf 92' lang='lat' dir='ltr'>iu</span> 
     </span>
     <span class='ocr_line' id='line_1_45' title="bbox 136 4283 1773 4364; baseline -0.006 -16"><span class='ocrx_word' id='word_1_620' title='bbox 136 4295 273 4364; x_wconf 92' lang='lat' dir='ltr'>procinctu</span> <span class='ocrx_word' id='word_1_621' title='bbox 289 4302 372 4364; x_wconf 90' lang='lat' dir='ltr'>sunt,</span> <span class='ocrx_word' id='word_1_622' title='bbox 396 4301 425 4349; x_wconf 92' lang='lat' dir='ltr'>ut</span> <span class='ocrx_word' id='word_1_623' title='bbox 439 4295 651 4352; x_wconf 87' lang='lat' dir='ltr'>illustrissimum</span> <span class='ocrx_word' id='word_1_624' title='bbox 664 4306 741 4351; x_wconf 91' lang='lat' dir='ltr'>tuum</span> <span class='ocrx_word' id='word_1_625' title='bbox 763 4309 860 4351; x_wconf 84' lang='lat' dir='ltr'>unomen</span> <span class='ocrx_word' id='word_1_626' title='bbox 873 4292 1017 4350; x_wconf 81' lang='lat' dir='ltr'>aeternitati</span> <span class='ocrx_word' id='word_1_627' title='bbox 1029 4291 1228 4350; x_wconf 85' lang='lat' dir='ltr'>commendent.</span> <span class='ocrx_word' id='word_1_628' title='bbox 1248 4290 1313 4344; x_wconf 82' lang='lat' dir='ltr'>Tam</span> <span class='ocrx_word' id='word_1_629' title='bbox 1325 4288 1415 4344; x_wconf 90' lang='lat' dir='ltr'>multis</span> <span class='ocrx_word' id='word_1_630' title='bbox 1429 4286 1501 4343; x_wconf 92' lang='lat' dir='ltr'>enim</span> <span class='ocrx_word' id='word_1_631' title='bbox 1515 4285 1660 4341; x_wconf 89' lang='lat' dir='ltr'>virtutibus</span> <span class='ocrx_word' id='word_1_632' title='bbox 1676 4283 1773 4354; x_wconf 78' lang='lat' dir='ltr'>predi·</span> 
     </span>
     <span class='ocr_line' id='line_1_46' title="bbox 136 4379 1773 4459; baseline -0.004 -19"><span class='ocrx_word' id='word_1_633' title='bbox 136 4396 192 4440; x_wconf 92' lang='lat' dir='ltr'>tutu</span> <span class='ocrx_word' id='word_1_634' title='bbox 206 4397 232 4441; x_wconf 91' lang='lat' dir='ltr'>te</span> <span class='ocrx_word' id='word_1_635' title='bbox 245 4396 378 4443; x_wconf 88' lang='lat' dir='ltr'>noverunt</span> <span class='ocrx_word' id='word_1_636' title='bbox 389 4401 500 4456; x_wconf 86' lang='lat' dir='ltr'>outttes,</span> <span class='ocrx_word' id='word_1_637' title='bbox 517 4398 546 4443; x_wconf 91' lang='lat' dir='ltr'>ut</span> <span class='ocrx_word' id='word_1_638' title='bbox 564 4402 709 4459; x_wconf 86' lang='lat' dir='ltr'>paucorum</span> <span class='ocrx_word' id='word_1_639' title='bbox 729 4388 835 4459; x_wconf 90' lang='lat' dir='ltr'>ingenia</span> <span class='ocrx_word' id='word_1_640' title='bbox 849 4400 904 4458; x_wconf 80' lang='lat' dir='ltr'>pras</span> <span class='ocrx_word' id='word_1_641' title='bbox 918 4384 1047 4458; x_wconf 88' lang='lat' dir='ltr'>dignitate</span> <span class='ocrx_word' id='word_1_642' title='bbox 1060 4393 1088 4441; x_wconf 92' lang='lat' dir='ltr'>te</span> <span class='ocrx_word' id='word_1_643' title='bbox 1100 4385 1238 4442; x_wconf 89' lang='lat' dir='ltr'>celebrare</span> <span class='ocrx_word' id='word_1_644' title='bbox 1254 4384 1294 4438; x_wconf 82' lang='lat' dir='ltr'>vis</span> <span class='ocrx_word' id='word_1_645' title='bbox 1311 4397 1391 4454; x_wconf 87' lang='lat' dir='ltr'>posse</span> <span class='ocrx_word' id='word_1_646' title='bbox 1401 4389 1520 4451; x_wconf 88' lang='lat' dir='ltr'>sperent.</span> <span class='ocrx_word' id='word_1_647' title='bbox 1542 4381 1616 4435; x_wconf 86' lang='lat' dir='ltr'>lianc</span> <span class='ocrx_word' id='word_1_648' title='bbox 1631 4379 1715 4435; x_wconf 85' lang='lat' dir='ltr'>etiarn</span> <span class='ocrx_word' id='word_1_649' title='bbox 1731 4379 1773 4433; x_wconf 93' lang='lat' dir='ltr'>in·</span> 
     </span>
     <span class='ocr_line' id='line_1_47' title="bbox 137 4473 1772 4551; baseline -0.004 -18"><span class='ocrx_word' id='word_1_650' title='bbox 137 4479 225 4534; x_wconf 86' lang='lat' dir='ltr'>dotem</span> <span class='ocrx_word' id='word_1_651' title='bbox 240 4494 300 4535; x_wconf 91' lang='lat' dir='ltr'>curn</span> <span class='ocrx_word' id='word_1_652' title='bbox 317 4483 343 4537; x_wconf 93' lang='lat' dir='ltr'>in</span> <span class='ocrx_word' id='word_1_653' title='bbox 360 4488 385 4536; x_wconf 91' lang='lat' dir='ltr'>te</span> <span class='ocrx_word' id='word_1_654' title='bbox 399 4479 463 4536; x_wconf 90' lang='lat' dir='ltr'>olim</span> <span class='ocrx_word' id='word_1_655' title='bbox 474 4489 640 4551; x_wconf 88' lang='lat' dir='ltr'>cognoverat</span> <span class='ocrx_word' id='word_1_656' title='bbox 652 4481 866 4551; x_wconf 87' lang='lat' dir='ltr'>consanguineus</span> <span class='ocrx_word' id='word_1_657' title='bbox 881 4478 998 4536; x_wconf 86' lang='lat' dir='ltr'>tuus-vir</span> <span class='ocrx_word' id='word_1_658' title='bbox 1011 4488 1038 4534; x_wconf 90' lang='lat' dir='ltr'>et</span> <span class='ocrx_word' id='word_1_659' title='bbox 1054 4477 1122 4548; x_wconf 91' lang='lat' dir='ltr'>ipse,</span> <span class='ocrx_word' id='word_1_660' title='bbox 1138 4475 1162 4532; x_wconf 90' lang='lat' dir='ltr'>si</span> <span class='ocrx_word' id='word_1_661' title='bbox 1176 4476 1236 4547; x_wconf 91' lang='lat' dir='ltr'>quis</span> <span class='ocrx_word' id='word_1_662' title='bbox 1250 4475 1328 4541; x_wconf 88' lang='lat' dir='ltr'>alius,</span> <span class='ocrx_word' id='word_1_663' title='bbox 1348 4475 1374 4529; x_wconf 96' lang='lat' dir='ltr'>in</span> <span class='ocrx_word' id='word_1_664' title='bbox 1390 4473 1474 4528; x_wconf 90' lang='lat' dir='ltr'>bonas</span> <span class='ocrx_word' id='word_1_665' title='bbox 1488 4473 1591 4528; x_wconf 83' lang='lat' dir='ltr'>litteras</span> <span class='ocrx_word' id='word_1_666' title='bbox 1608 4485 1772 4540; x_wconf 87' lang='lat' dir='ltr'>propensus,</span> 
     </span>
     <span class='ocr_line' id='line_1_48' title="bbox 139 4563 1772 4643; baseline -0.004 -18"><span class='ocrx_word' id='word_1_667' title='bbox 139 4586 234 4641; x_wconf 86' lang='lat' dir='ltr'>magna</span> <span class='ocrx_word' id='word_1_668' title='bbox 247 4587 330 4635; x_wconf 89' lang='lat' dir='ltr'>cura,</span> <span class='ocrx_word' id='word_1_669' title='bbox 355 4582 383 4627; x_wconf 94' lang='lat' dir='ltr'>ut</span> <span class='ocrx_word' id='word_1_670' title='bbox 408 4573 435 4627; x_wconf 93' lang='lat' dir='ltr'>in</span> <span class='ocrx_word' id='word_1_671' title='bbox 458 4573 509 4628; x_wconf 89' lang='lat' dir='ltr'>boc</span> <span class='ocrx_word' id='word_1_672' title='bbox 530 4571 666 4642; x_wconf 87' lang='lat' dir='ltr'>dignitatis</span> <span class='ocrx_word' id='word_1_673' title='bbox 678 4572 761 4643; x_wconf 91' lang='lat' dir='ltr'>gradu</span> <span class='ocrx_word' id='word_1_674' title='bbox 775 4572 813 4627; x_wconf 92' lang='lat' dir='ltr'>ilii</span> <span class='ocrx_word' id='word_1_675' title='bbox 827 4569 997 4635; x_wconf 86' lang='lat' dir='ltr'>succederes,</span> <span class='ocrx_word' id='word_1_676' title='bbox 1015 4568 1156 4634; x_wconf 90' lang='lat' dir='ltr'>laboravit,</span> <span class='ocrx_word' id='word_1_677' title='bbox 1181 4581 1231 4624; x_wconf 88' lang='lat' dir='ltr'>nec</span> <span class='ocrx_word' id='word_1_678' title='bbox 1244 4582 1287 4622; x_wconf 91' lang='lat' dir='ltr'>me</span> <span class='ocrx_word' id='word_1_679' title='bbox 1301 4566 1392 4622; x_wconf 87' lang='lat' dir='ltr'>hercle</span> <span class='ocrx_word' id='word_1_680' title='bbox 1402 4566 1505 4636; x_wconf 82' lang='lat' dir='ltr'>judicio</span> <span class='ocrx_word' id='word_1_681' title='bbox 1518 4574 1564 4622; x_wconf 91' lang='lat' dir='ltr'>aut</span> <span class='ocrx_word' id='word_1_682' title='bbox 1577 4563 1708 4633; x_wconf 69' lang='lat' dir='ltr'>Traiano,</span> <span class='ocrx_word' id='word_1_683' title='bbox 1725 4573 1772 4619; x_wconf 87' lang='lat' dir='ltr'>aut</span> 
     </span>
     <span class='ocr_line' id='line_1_49' title="bbox 137 4657 1773 4736; baseline -0.002 -19"><span class='ocrx_word' id='word_1_684' title='bbox 137 4662 273 4717; x_wconf 78' lang='lat' dir='ltr'>Antonino</span> <span class='ocrx_word' id='word_1_685' title='bbox 288 4663 371 4733; x_wconf 90' lang='lat' dir='ltr'>impp.</span> <span class='ocrx_word' id='word_1_686' title='bbox 385 4663 506 4732; x_wconf 81' lang='lat' dir='ltr'>interior,</span> <span class='ocrx_word' id='word_1_687' title='bbox 521 4679 627 4720; x_wconf 90' lang='lat' dir='ltr'>murum</span> <span class='ocrx_word' id='word_1_688' title='bbox 643 4666 715 4722; x_wconf 92' lang='lat' dir='ltr'>enim</span> <span class='ocrx_word' id='word_1_689' title='bbox 729 4663 901 4736; x_wconf 79' lang='lat' dir='ltr'>elegantiam,</span> <span class='ocrx_word' id='word_1_690' title='bbox 915 4661 997 4717; x_wconf 84' lang='lat' dir='ltr'>animi</span> <span class='ocrx_word' id='word_1_691' title='bbox 1011 4660 1207 4729; x_wconf 88' lang='lat' dir='ltr'>fortitudinem,</span> <span class='ocrx_word' id='word_1_692' title='bbox 1222 4675 1284 4717; x_wconf 90' lang='lat' dir='ltr'>cunt</span> <span class='ocrx_word' id='word_1_693' title='bbox 1299 4660 1326 4716; x_wconf 82' lang='lat' dir='ltr'>ln</span> <span class='ocrx_word' id='word_1_694' title='bbox 1343 4671 1369 4716; x_wconf 90' lang='lat' dir='ltr'>te</span> <span class='ocrx_word' id='word_1_695' title='bbox 1384 4661 1558 4730; x_wconf 82' lang='lat' dir='ltr'>perspiceret,</span> <span class='ocrx_word' id='word_1_696' title='bbox 1575 4657 1654 4715; x_wconf 88' lang='lat' dir='ltr'>facile</span> <span class='ocrx_word' id='word_1_697' title='bbox 1669 4658 1773 4729; x_wconf 87' lang='lat' dir='ltr'>reliqua</span> 
     </span>
     <span class='ocr_line' id='line_1_50' title="bbox 137 4750 1774 4826; baseline -0.002 -23"><span class='ocrx_word' id='word_1_698' title='bbox 137 4765 197 4820; x_wconf 84' lang='lat' dir='ltr'>quac</span> <span class='ocrx_word' id='word_1_699' title='bbox 209 4759 276 4807; x_wconf 85' lang='lat' dir='ltr'>tetas</span> <span class='ocrx_word' id='word_1_700' title='bbox 291 4756 422 4810; x_wconf 86' lang='lat' dir='ltr'>maturior</span> <span class='ocrx_word' id='word_1_701' title='bbox 431 4755 553 4817; x_wconf 87' lang='lat' dir='ltr'>adderet,</span> <span class='ocrx_word' id='word_1_702' title='bbox 565 4763 657 4812; x_wconf 88' lang='lat' dir='ltr'>mente</span> <span class='ocrx_word' id='word_1_703' title='bbox 677 4754 872 4826; x_wconf 83' lang='lat' dir='ltr'>deprehendit,</span> <span class='ocrx_word' id='word_1_704' title='bbox 893 4767 926 4811; x_wconf 84' lang='lat' dir='ltr'>tc</span> <span class='ocrx_word' id='word_1_705' title='bbox 937 4769 972 4811; x_wconf 87' lang='lat' dir='ltr'>ex</span> <span class='ocrx_word' id='word_1_706' title='bbox 990 4753 1114 4809; x_wconf 88' lang='lat' dir='ltr'>convictu</span> <span class='ocrx_word' id='word_1_707' title='bbox 1129 4750 1307 4823; x_wconf 80' lang='lat' dir='ltr'>frugalitatem</span> <span class='ocrx_word' id='word_1_708' title='bbox 1323 4760 1394 4807; x_wconf 89' lang='lat' dir='ltr'>tuam</span> <span class='ocrx_word' id='word_1_709' title='bbox 1409 4750 1515 4819; x_wconf 84' lang='lat' dir='ltr'>didicit,</span> <span class='ocrx_word' id='word_1_710' title='bbox 1530 4764 1590 4821; x_wconf 78' lang='lat' dir='ltr'>que</span> <span class='ocrx_word' id='word_1_711' title='bbox 1604 4764 1659 4805; x_wconf 82' lang='lat' dir='ltr'>unt</span> <span class='ocrx_word' id='word_1_712' title='bbox 1674 4750 1774 4822; x_wconf 76' lang='lat' dir='ltr'>(quan.-</span> 
     </span>
     <span class='ocr_line' id='line_1_51' title="bbox 137 4842 1775 4918; baseline 0.001 -20"><span class='ocrx_word' id='word_1_713' title='bbox 137 4856 218 4910; x_wconf 79' lang='lat' dir='ltr'>quam</span> <span class='ocrx_word' id='word_1_714' title='bbox 245 4843 336 4897; x_wconf 88' lang='lat' dir='ltr'>multae</span> <span class='ocrx_word' id='word_1_715' title='bbox 358 4845 413 4899; x_wconf 91' lang='lat' dir='ltr'>sint</span> <span class='ocrx_word' id='word_1_716' title='bbox 435 4845 547 4902; x_wconf 89' lang='lat' dir='ltr'>virtutes</span> <span class='ocrx_word' id='word_1_717' title='bbox 571 4861 632 4918; x_wconf 90' lang='lat' dir='ltr'>quae</span> <span class='ocrx_word' id='word_1_718' title='bbox 657 4846 808 4917; x_wconf 87' lang='lat' dir='ltr'>principum</span> <span class='ocrx_word' id='word_1_719' title='bbox 824 4859 924 4904; x_wconf 90' lang='lat' dir='ltr'>nomen</span> <span class='ocrx_word' id='word_1_720' title='bbox 939 4843 1095 4914; x_wconf 86' lang='lat' dir='ltr'>honestant)</span> <span class='ocrx_word' id='word_1_721' title='bbox 1108 4843 1285 4902; x_wconf 90' lang='lat' dir='ltr'>celebriorem</span> <span class='ocrx_word' id='word_1_722' title='bbox 1297 4851 1323 4898; x_wconf 90' lang='lat' dir='ltr'>te</span> <span class='ocrx_word' id='word_1_723' title='bbox 1335 4842 1451 4900; x_wconf 88' lang='lat' dir='ltr'>reddere</span> <span class='ocrx_word' id='word_1_724' title='bbox 1461 4843 1613 4914; x_wconf 85' lang='lat' dir='ltr'>putuisset;</span> <span class='ocrx_word' id='word_1_725' title='bbox 1628 4844 1687 4899; x_wconf 87' lang='lat' dir='ltr'>sola</span> <span class='ocrx_word' id='word_1_726' title='bbox 1701 4843 1775 4900; x_wconf 86' lang='lat' dir='ltr'>enittt</span> 
     </span>
     <span class='ocr_line' id='line_1_52' title="bbox 138 4931 1774 5008; baseline 0.002 -21"><span class='ocrx_word' id='word_1_727' title='bbox 138 4946 169 4987; x_wconf 91' lang='grc' dir='ltr'>ιι</span> <span class='ocrx_word' id='word_1_728' title='bbox 185 4931 313 4990; x_wconf 85' lang='lat' dir='ltr'>miraculo</span> <span class='ocrx_word' id='word_1_729' title='bbox 324 4935 434 5002; x_wconf 88' lang='lat' dir='ltr'>propius</span> <span class='ocrx_word' id='word_1_730' title='bbox 444 4933 547 4990; x_wconf 90' lang='lat' dir='ltr'>accedit</span> <span class='ocrx_word' id='word_1_731' title='bbox 557 4975 565 5000; x_wconf 94' lang='lat'>,</span> <span class='ocrx_word' id='word_1_732' title='bbox 575 4949 636 4991; x_wconf 93' lang='lat' dir='ltr'>cum</span> <span class='ocrx_word' id='word_1_733' title='bbox 650 4936 785 4993; x_wconf 91' lang='lat' dir='ltr'>huminem</span> <span class='ocrx_word' id='word_1_734' title='bbox 806 4937 857 4991; x_wconf 88' lang='lat' dir='ltr'>sibi</span> <span class='ocrx_word' id='word_1_735' title='bbox 872 4937 988 4993; x_wconf 85' lang='lat' dir='ltr'>devincit</span> <span class='ocrx_word' id='word_1_736' title='bbox 1002 4936 1108 4992; x_wconf 75' lang='lat' dir='ltr'>caeteris</span> <span class='ocrx_word' id='word_1_737' title='bbox 1126 4935 1266 5008; x_wconf 75' lang='lat' dir='ltr'>maiorem.</span> <span class='ocrx_word' id='word_1_738' title='bbox 1288 4933 1392 4990; x_wconf 86' lang='lat' dir='ltr'>Etenim</span> <span class='ocrx_word' id='word_1_739' title='bbox 1406 4949 1466 4988; x_wconf 91' lang='lat' dir='ltr'>eum</span> <span class='ocrx_word' id='word_1_740' title='bbox 1480 4935 1616 5005; x_wconf 86' lang='lat' dir='ltr'>principes</span> <span class='ocrx_word' id='word_1_741' title='bbox 1628 4936 1774 5008; x_wconf 80' lang='lat' dir='ltr'>imaginem</span> 
     </span>
     <span class='ocr_line' id='line_1_53' title="bbox 137 5024 1775 5104; baseline 0.005 -25"><span class='ocrx_word' id='word_1_742' title='bbox 137 5024 280 5098; x_wconf 88' lang='lat' dir='ltr'>quamdam</span> <span class='ocrx_word' id='word_1_743' title='bbox 293 5024 413 5080; x_wconf 86' lang='lat' dir='ltr'>referunt</span> <span class='ocrx_word' id='word_1_744' title='bbox 428 5027 473 5080; x_wconf 83' lang='lat' dir='ltr'>liei</span> <span class='ocrx_word' id='word_1_745' title='bbox 489 5067 496 5092; x_wconf 95' lang='lat'>,</span> <span class='ocrx_word' id='word_1_746' title='bbox 522 5032 607 5099; x_wconf 82' lang='lat' dir='ltr'>magis</span> <span class='ocrx_word' id='word_1_747' title='bbox 621 5044 680 5086; x_wconf 90' lang='lat' dir='ltr'>eam</span> <span class='ocrx_word' id='word_1_748' title='bbox 695 5031 789 5100; x_wconf 86' lang='lat' dir='ltr'>expriu</span> <span class='ocrx_word' id='word_1_749' title='bbox 803 5032 810 5086; x_wconf 91' lang='lat' dir='ltr'>i</span> <span class='ocrx_word' id='word_1_750' title='bbox 824 5029 872 5103; x_wconf 80' lang='lat' dir='ltr'>[F.</span> <span class='ocrx_word' id='word_1_751' title='bbox 887 5029 1051 5104; x_wconf 81' lang='lat' dir='ltr'>exprinrere]</span> <span class='ocrx_word' id='word_1_752' title='bbox 1068 5044 1201 5101; x_wconf 85' lang='lat' dir='ltr'>nunquam</span> <span class='ocrx_word' id='word_1_753' title='bbox 1216 5039 1329 5100; x_wconf 87' lang='lat' dir='ltr'>possunt</span> <span class='ocrx_word' id='word_1_754' title='bbox 1341 5046 1421 5101; x_wconf 92' lang='lat' dir='ltr'>quam</span> <span class='ocrx_word' id='word_1_755' title='bbox 1442 5030 1497 5098; x_wconf 89' lang='lat' dir='ltr'>ipsa</span> <span class='ocrx_word' id='word_1_756' title='bbox 1512 5030 1631 5100; x_wconf 85' lang='lat' dir='ltr'>justitia,</span> <span class='ocrx_word' id='word_1_757' title='bbox 1650 5048 1713 5096; x_wconf 70' lang='lat' dir='ltr'>quus</span> <span class='ocrx_word' id='word_1_758' title='bbox 1724 5045 1775 5088; x_wconf 83' lang='lat' dir='ltr'>cett</span> 
     </span>
     <span class='ocr_line' id='line_1_54' title="bbox 138 5114 1775 5195; baseline 0.004 -22"><span class='ocrx_word' id='word_1_759' title='bbox 138 5116 289 5173; x_wconf 89' lang='lat' dir='ltr'>membrum</span> <span class='ocrx_word' id='word_1_760' title='bbox 301 5130 434 5170; x_wconf 91' lang='lat' dir='ltr'>sttmmum</span> <span class='ocrx_word' id='word_1_761' title='bbox 447 5114 591 5186; x_wconf 86' lang='lat' dir='ltr'>frugalitati</span> <span class='ocrx_word' id='word_1_762' title='bbox 607 5121 745 5177; x_wconf 79' lang='lat' dir='ltr'>adhaeret:</span> <span class='ocrx_word' id='word_1_763' title='bbox 759 5136 790 5176; x_wconf 90' lang='lat' dir='ltr'>ea</span> <span class='ocrx_word' id='word_1_764' title='bbox 803 5120 906 5191; x_wconf 78' lang='lat' dir='ltr'>justitia</span> <span class='ocrx_word' id='word_1_765' title='bbox 920 5135 1007 5178; x_wconf 90' lang='lat' dir='ltr'>autem</span> <span class='ocrx_word' id='word_1_766' title='bbox 1024 5122 1131 5191; x_wconf 91' lang='lat' dir='ltr'>proprie</span> <span class='ocrx_word' id='word_1_767' title='bbox 1142 5121 1302 5177; x_wconf 87' lang='lat' dir='ltr'>Christianis</span> <span class='ocrx_word' id='word_1_768' title='bbox 1313 5122 1376 5178; x_wconf 87' lang='lat' dir='ltr'>viris</span> <span class='ocrx_word' id='word_1_769' title='bbox 1392 5137 1444 5177; x_wconf 88' lang='lat' dir='ltr'>tron</span> <span class='ocrx_word' id='word_1_770' title='bbox 1458 5123 1546 5192; x_wconf 86' lang='lat' dir='ltr'>appell</span> <span class='ocrx_word' id='word_1_771' title='bbox 1556 5132 1607 5178; x_wconf 79' lang='lat' dir='ltr'>tur</span> <span class='ocrx_word' id='word_1_772' title='bbox 1618 5123 1644 5178; x_wconf 91' lang='lat' dir='ltr'>id</span> <span class='ocrx_word' id='word_1_773' title='bbox 1661 5126 1734 5195; x_wconf 92' lang='lat' dir='ltr'>quod</span> <span class='ocrx_word' id='word_1_774' title='bbox 1748 5126 1775 5182; x_wconf 89' lang='lat' dir='ltr'>iu</span> 
     </span>
     <span class='ocr_line' id='line_1_55' title="bbox 137 5200 1776 5283; baseline 0.005 -19"><span class='ocrx_word' id='word_1_775' title='bbox 137 5210 262 5264; x_wconf 90' lang='lat' dir='ltr'>omuibus</span> <span class='ocrx_word' id='word_1_776' title='bbox 277 5208 424 5276; x_wconf 89' lang='lat' dir='ltr'>perfectum</span> <span class='ocrx_word' id='word_1_777' title='bbox 439 5207 475 5260; x_wconf 89' lang='lat' dir='ltr'>sit</span> <span class='ocrx_word' id='word_1_778' title='bbox 491 5208 572 5278; x_wconf 88' lang='lat' dir='ltr'>(qttod</span> <span class='ocrx_word' id='word_1_779' title='bbox 584 5211 697 5266; x_wconf 84' lang='lat' dir='ltr'>soiibeu</span> <span class='ocrx_word' id='word_1_780' title='bbox 710 5212 932 5283; x_wconf 84' lang='lat' dir='ltr'>attribuendum),</span> <span class='ocrx_word' id='word_1_781' title='bbox 946 5214 1053 5269; x_wconf 89' lang='lat' dir='ltr'>babitus</span> <span class='ocrx_word' id='word_1_782' title='bbox 1068 5226 1156 5268; x_wconf 88' lang='lat' dir='ltr'>tarnen</span> <span class='ocrx_word' id='word_1_783' title='bbox 1170 5212 1251 5266; x_wconf 89' lang='lat' dir='ltr'>animi</span> <span class='ocrx_word' id='word_1_784' title='bbox 1266 5221 1317 5278; x_wconf 83' lang='lat' dir='ltr'>est,</span> <span class='ocrx_word' id='word_1_785' title='bbox 1333 5228 1386 5280; x_wconf 75' lang='lat' dir='ltr'>tque</span> <span class='ocrx_word' id='word_1_786' title='bbox 1397 5200 1500 5269; x_wconf 74' lang='lat' dir='ltr'>naturae</span> <span class='ocrx_word' id='word_1_787' title='bbox 1513 5215 1624 5271; x_wconf 82' lang='lat' dir='ltr'>affectus</span> <span class='ocrx_word' id='word_1_788' title='bbox 1635 5216 1670 5271; x_wconf 84' lang='lat' dir='ltr'>ad</span> <span class='ocrx_word' id='word_1_789' title='bbox 1685 5218 1776 5275; x_wconf 82' lang='lat' dir='ltr'>divina</span> 
     </span>
     <span class='ocr_line' id='line_1_56' title="bbox 137 5302 1777 5380; baseline 0.003 -22"><span class='ocrx_word' id='word_1_790' title='bbox 137 5319 170 5361; x_wconf 84' lang='lat' dir='ltr'>ac</span> <span class='ocrx_word' id='word_1_791' title='bbox 188 5304 303 5360; x_wconf 86' lang='lat' dir='ltr'>humana</span> <span class='ocrx_word' id='word_1_792' title='bbox 324 5302 384 5370; x_wconf 85' lang='lat' dir='ltr'>jura</span> <span class='ocrx_word' id='word_1_793' title='bbox 399 5306 483 5374; x_wconf 88' lang='lat' dir='ltr'>magis</span> <span class='ocrx_word' id='word_1_794' title='bbox 498 5302 587 5359; x_wconf 90' lang='lat' dir='ltr'>idonei</span> <span class='ocrx_word' id='word_1_795' title='bbox 606 5305 763 5362; x_wconf 83' lang='lat' dir='ltr'>reddantur.</span> <span class='ocrx_word' id='word_1_796' title='bbox 784 5309 819 5361; x_wconf 87' lang='lat' dir='ltr'>ht</span> <span class='ocrx_word' id='word_1_797' title='bbox 832 5322 892 5361; x_wconf 93' lang='lat' dir='ltr'>eum</span> <span class='ocrx_word' id='word_1_798' title='bbox 909 5307 1005 5378; x_wconf 70' lang='lat' dir='ltr'>iniuria</span> <span class='ocrx_word' id='word_1_799' title='bbox 1019 5307 1109 5362; x_wconf 74' lang='lat' dir='ltr'>saculi</span> <span class='ocrx_word' id='word_1_800' title='bbox 1125 5305 1318 5376; x_wconf 69' lang='lat' dir='ltr'>buriacensem,</span> <span class='ocrx_word' id='word_1_801' title='bbox 1335 5306 1405 5361; x_wconf 91' lang='lat' dir='ltr'>iuter</span> <span class='ocrx_word' id='word_1_802' title='bbox 1419 5317 1515 5361; x_wconf 85' lang='lat' dir='ltr'>caetera</span> <span class='ocrx_word' id='word_1_803' title='bbox 1528 5349 1535 5375; x_wconf 92' lang='lat'>,</span> <span class='ocrx_word' id='word_1_804' title='bbox 1550 5317 1578 5362; x_wconf 94' lang='lat' dir='ltr'>et</span> <span class='ocrx_word' id='word_1_805' title='bbox 1588 5309 1660 5365; x_wconf 90' lang='lat' dir='ltr'>hanc</span> <span class='ocrx_word' id='word_1_806' title='bbox 1673 5322 1777 5380; x_wconf 81' lang='lat' dir='ltr'>pestem</span> 
     </span>
     <span class='ocr_line' id='line_1_57' title="bbox 137 5397 1777 5472; baseline 0.005 -20"><span class='ocrx_word' id='word_1_807' title='bbox 137 5398 253 5464; x_wconf 85' lang='lat' dir='ltr'>induxit,</span> <span class='ocrx_word' id='word_1_808' title='bbox 264 5408 292 5454; x_wconf 95' lang='lat' dir='ltr'>ut</span> <span class='ocrx_word' id='word_1_809' title='bbox 303 5399 362 5454; x_wconf 88' lang='lat' dir='ltr'>sine</span> <span class='ocrx_word' id='word_1_810' title='bbox 377 5397 477 5453; x_wconf 89' lang='lat' dir='ltr'>offensa</span> <span class='ocrx_word' id='word_1_811' title='bbox 494 5397 620 5468; x_wconf 87' lang='lat' dir='ltr'>plurium,</span> <span class='ocrx_word' id='word_1_812' title='bbox 629 5413 680 5455; x_wconf 88' lang='lat' dir='ltr'>nee</span> <span class='ocrx_word' id='word_1_813' title='bbox 693 5401 797 5471; x_wconf 81' lang='lat' dir='ltr'>absque</span> <span class='ocrx_word' id='word_1_814' title='bbox 812 5403 955 5457; x_wconf 89' lang='lat' dir='ltr'>multorum</span> <span class='ocrx_word' id='word_1_815' title='bbox 970 5399 1100 5456; x_wconf 89' lang='lat' dir='ltr'>invidiosa</span> <span class='ocrx_word' id='word_1_816' title='bbox 1112 5399 1275 5469; x_wconf 88' lang='lat' dir='ltr'>suspicione.</span> <span class='ocrx_word' id='word_1_817' title='bbox 1290 5401 1369 5455; x_wconf 90' lang='lat' dir='ltr'>ullius</span> <span class='ocrx_word' id='word_1_818' title='bbox 1383 5399 1477 5472; x_wconf 89' lang='lat' dir='ltr'>religio</span> <span class='ocrx_word' id='word_1_819' title='bbox 1489 5400 1531 5456; x_wconf 92' lang='lat' dir='ltr'>vei</span> <span class='ocrx_word' id='word_1_820' title='bbox 1545 5401 1654 5469; x_wconf 91' lang='lat' dir='ltr'>probari</span> <span class='ocrx_word' id='word_1_821' title='bbox 1666 5404 1711 5459; x_wconf 90' lang='lat' dir='ltr'>vel</span> <span class='ocrx_word' id='word_1_822' title='bbox 1724 5404 1777 5460; x_wconf 89' lang='lat' dir='ltr'>iru-</span> 
     </span>
    </p>
   </div>
   <div class='ocr_carea' id='block_1_5' title="bbox 139 5595 1779 5738">
    <p class='ocr_par' dir='ltr' id='par_1_5' title="bbox 139 5595 1779 5738">
     <span class='ocr_line' id='line_1_58' title="bbox 174 5595 1779 5673; baseline 0.006 -23"><span class='ocrx_word' id='word_1_823' title='bbox 174 5595 217 5663; x_wconf 78' lang='grc' dir='ltr'>(ι),</span> <span class='ocrx_word' id='word_1_824' title='bbox 230 5596 304 5654; x_wconf 83' lang='grc' dir='ltr'>Ηιιι</span> <span class='ocrx_word' id='word_1_825' title='bbox 324 5598 431 5664; x_wconf 83' lang='lat' dir='ltr'>litam,</span> <span class='ocrx_word' id='word_1_826' title='bbox 454 5599 480 5654; x_wconf 91' lang='lat' dir='ltr'>iu</span> <span class='ocrx_word' id='word_1_827' title='bbox 495 5597 612 5652; x_wconf 85' lang='lat' dir='ltr'>editione</span> <span class='ocrx_word' id='word_1_828' title='bbox 627 5595 774 5655; x_wconf 86' lang='lat' dir='ltr'>Basiieensi</span> <span class='ocrx_word' id='word_1_829' title='bbox 788 5596 932 5671; x_wconf 88' lang='lat' dir='ltr'>posteriori</span> <span class='ocrx_word' id='word_1_830' title='bbox 948 5608 1021 5658; x_wconf 90' lang='lat' dir='ltr'>tomo</span> <span class='ocrx_word' id='word_1_831' title='bbox 1035 5597 1166 5658; x_wconf 84' lang='lat' dir='ltr'>Thesauri</span> <span class='ocrx_word' id='word_1_832' title='bbox 1182 5597 1343 5673; x_wconf 82' lang='lat' dir='ltr'>Eugippiani</span> <span class='ocrx_word' id='word_1_833' title='bbox 1358 5599 1535 5672; x_wconf 79' lang='lat' dir='ltr'>premissam,</span> <span class='ocrx_word' id='word_1_834' title='bbox 1551 5600 1615 5669; x_wconf 90' lang='lat' dir='ltr'>huc,</span> <span class='ocrx_word' id='word_1_835' title='bbox 1629 5616 1696 5671; x_wconf 85' lang='lat' dir='ltr'>quta</span> <span class='ocrx_word' id='word_1_836' title='bbox 1711 5602 1779 5660; x_wconf 86' lang='lat' dir='ltr'>ordo</span> 
     </span>
     <span class='ocr_line' id='line_1_59' title="bbox 139 5664 749 5738; baseline 0.01 -20"><span class='ocrx_word' id='word_1_837' title='bbox 139 5665 274 5734; x_wconf 85' lang='lat' dir='ltr'>postulare</span> <span class='ocrx_word' id='word_1_838' title='bbox 288 5669 437 5738; x_wconf 80' lang='lat' dir='ltr'>videbatur,</span> <span class='ocrx_word' id='word_1_839' title='bbox 453 5670 647 5728; x_wconf 84' lang='lat' dir='ltr'>revocavimus.</span> <span class='ocrx_word' id='word_1_840' title='bbox 657 5664 749 5730; x_wconf 66' lang='grc' dir='ltr'>ιΙιιι.</span> 
     </span>
    </p>
   </div>
   <div class='ocr_carea' id='block_1_6' title="bbox 0 0 1913 6116">
    <p class='ocr_par' dir='ltr' id='par_1_6' title="bbox 0 0 1913 6116">
     <span class='ocr_line' id='line_1_60' title="bbox 0 0 1913 6116; baseline 0 0"><span class='ocrx_word' id='word_1_841' title='bbox 0 0 1913 6116; x_wconf 95' lang='lat' dir='ltr'> </span> 
     </span>
    </p>
   </div>
  </div>
 </body>
</html>
