3774 6120
117 122 170 187 111
559 173 560 176 ¹
678 111 896 189 temutes.
912 110 991 171 111·
1005 112 1122 185 utto·
1687 116 1742 176 sas

117 237 237 303 masinae
255 249 289 303 δ’.
298 234 425 309 palatiola
436 231 594 307 inardescit]
607 233 631 291 si
641 233 697 291 reri
711 233 849 297 studiosas
863 236 906 288 est
919 228 946 289 Α
957 230 1016 289 buit
1027 229 1153 286 amcitiam
1165 226 1277 286 liscbel.
1291 228 1331 287 lis
1345 239 1438 288 vetere
1448 232 1549 304 quippe
1560 233 1613 291 rita
1626 238 1745 296 cereali«

117 332 226 389 animas
240 325 389 387 rationalis.
404 326 454 383 cat
468 325 664 394 respondeatur
679 340 689 393 ι
705 324 851 381 Puleltrum
864 330 908 378 est
959 322 1010 383 ltus
1030 320 1154 379 sensibus
1167 319 1256 377 dedita
1270 335 1408 392 corporea
1422 322 1576 394 rapitantur
1591 324 1743 398 imagines,

117 423 227 495 anilem
243 421 313 492 quod
336 419 470 475 desideras
489 429 516 476 et
533 419 617 473 atnari
636 406 836 489 diffusissimam,
859 413 907 471 sed
957 412 1037 477 etiam
1051 427 1112 467 cunt
1127 411 1230 482 aliquid
1242 412 1276 468 do
1294 412 1406 483 spiritali
1419 423 1446 471 et
1459 413 1668 473 incommutabili
1679 418 1745 475 sub-

118 514 195 589 ptius
208 513 284 569 nulrit
296 511 354 577 bia,
369 520 397 565 et
412 522 501 579 postea
517 509 627 566 liaebel.
640 508 728 564 Ardor
739 522 803 577 erpo
814 505 863 561 iste
873 504 908 562 td
957 509 1054 564 stantia
1067 510 1214 567 divinitatis
1227 510 1344 566 auditur.
1360 511 1478 583 Suscipit
1496 523 1524 569 et
1537 513 1584 569 Lis
1599 512 1634 570 de
1645 513 1746 571 aneilla

117 607 146 667 td
156 605 241 672 salet,
256 614 287 660 ut
296 602 363 658 ordo
375 617 428 657 non
442 612 592 665 recusetur,
606 603 651 657 sed
664 601 752 671 potius
766 598 906 665 toleretur,
958 615 1007 672 rua
1019 601 1335 668 dlioa‚am010lmpendae
1348 605 1541 664 numerosioria
1555 607 1638 678 μοι,
1648 622 1745 662 ιω.

117 701 177 759 sinc
192 712 247 768 quo
264 711 317 751 nott
332 704 419 764 potest
433 693 467 749 ad
487 693 512 748 id
527 692 674 763 perueniri,
693 689 763 762 quod
779 699 852 745 tanto
865 703 910 743 ar«
958 703 999 747 sa.
1017 692 1168 749 Invenimus
1182 703 1271 750 autem
1287 694 1413 765 zelpham
1435 695 1494 766 eitra
1515 698 1639 753 ancillam
1663 699 1745 753 itstcr·

119 791 186 853 dore
201 787 331 858 diligitur.
346 786 412 842 Cum
427 793 518 841 aulem
533 793 693 854 percensum
710 781 809 846 luerit,
826 778 909 835 simul
959 783 1070 851 pretori,
1091 785 1127 840 0s
1145 784 1244 851 biaus;
1260 797 1423 855 quapropter
1437 788 1463 841 in
1480 772 1669 856 predicatione
1683 787 1745 845 ddei

118 879 262 941 habebitur
277 879 303 932 in
320 877 370 932 boc
381 876 490 939 sacculo,
512 890 565 929 non
579 873 667 929 solum
686 873 807 942 speciosa
829 870 910 933 inlsle
958 873 1131 943 erattpelicc,
1151 890 1264 945 quorum
1277 893 1308 932 os
1320 877 1376 933 biat
1392 887 1418 933 et
1440 893 1488 934 cor
1502 895 1554 934 nun
1571 879 1627 934 ltlat
1640 895 1702 935 cum
1717 881 1744 935 ist

119 969 252 1043 ligeritia,
278 967 431 1023 sedetiam
460 966 593 1022 laboriosa
615 963 729 1035 iustitia.
757 961 909 1048 Quamlibet
959 965 1106 1037 Scripturis
1117 968 1324 1036 adverterimus,
1336 968 1393 1026 bec
1404 969 1561 1040 intellig'tur
1570 973 1665 1027 ancilla
1678 972 1745 1029 Lice.

121 1063 193 1125 etaim
207 1073 285 1119 caute
305 1056 405 1134 [acute]
426 1057 620 1129 sinceriterque
639 1066 763 1113 cernatur
777 1070 792 1109 ι
808 1068 909 1111 morta·
959 1055 1151 1129 scriptumest
1170 1058 1243 1115 enim
1264 1060 1297 1116 de
1320 1050 1477 1131 quibusdam
1492 1075 1500 1115 ι
1516 1060 1633 1129 l’opulus
1650 1061 1693 1115 lslc
1707 1062 1746 1116 la·

122 1153 193 1216 libus
204 1150 424 1208 iaco-mutabile
433 1149 544 1214 bonum,
558 1148 646 1204 adbuc
656 1160 756 1215 eorpus
766 1144 836 1216 quod
850 1160 911 1201 cor·
959 1147 1010 1205 biis
1020 1164 1064 1205 me
1079 1148 1138 1205 bon·
1151 1159 1204 1217 rat,
1216 1164 1263 1206 cor
1273 1161 1361 1208 autern
1376 1166 1468 1206 corum
1482 1150 1561 1222 longe
1572 1162 1613 1208 est
1624 1167 1640 1207 a
1653 1169 1705 1216 sue.
1720 1164 1747 1212 et

122 1245 256 1314 rumpitur
270 1251 397 1313 apparat
413 1238 541 1307 anianum,
557 1239 722 1311 etdepcinit
740 1246 846 1294 terrena
867 1237 909 1292 io·
960 1237 1057 1300 talibus
1076 1241 1223 1310 spartum
1242 1240 1329 1297 dicit:
1354 1240 1407 1308 Qul
1430 1241 1560 1310 prndieas
1579 1256 1633 1299 non
1656 1243 1750 1299 lucari-

122 1336 253 1413 ltabitatio
271 1348 380 1406 sensum
401 1332 483 1397 multa
503 1330 676 1400 cogitantem.
692 1329 732 1393 dt!
748 1343 828 1384 uuum
844 1340 910 1398 ergo
959 1328 1044 1400 dam,
1060 1328 1178 1396 lararis;
1194 1332 1239 1403 qui
1253 1332 1320 1388 dieis
1335 1346 1388 1388 non
1402 1332 1629 1398 adulterandum,
1645 1333 1749 1390 adulte·

123 1426 303 1492 tendendum,
327 1423 373 1480 sed
394 1432 502 1495 propter
526 1423 576 1476 lanc
601 1424 684 1478 multa
705 1419 815 1476 lerenda
836 1426 909 1474 sust.
960 1433 1016 1478 ras.
1039 1419 1231 1478 Verumtamen
1245 1423 1370 1479 utetiam
1385 1437 1435 1493 per
1449 1422 1519 1478 banc
1538 1423 1748 1480 conditionalem

123 1519 215 1586 lunae
230 1517 290 1572 duce
302 1522 364 1572 sunt
378 1529 475 1570 osores
487 1512 570 1569 Jacob
592 1512 693 1576 liberm,
710 1510 795 1567 ambae
810 1511 910 1581 quippe
961 1507 1045 1565 libera
1064 1511 1111 1564 ills
1125 1527 1192 1568 uxttt
1207 1511 1291 1569 Jacob
1313 1514 1437 1570 laborans
1451 1513 1521 1569 illios
1535 1514 1657 1571 baredes
1671 1517 1747 1585 regni

123 1620 187 1665 sunt
208 1608 270 1665 iilic
285 1607 450 1663 remissionis
465 1615 647 1676 peccatorum,
672 1605 724 1661 tmc
737 1612 779 1659 est
800 1602 909 1658 dealba·
925 1592 945 1652 ll
959 1601 1104 1672 suscipiat,
1118 1602 1180 1660 ideo
1205 1604 1334 1660 Dominus
1354 1606 1419 1660 dicit
1434 1623 1442 1660 ι
1456 1606 1522 1673 Qum
1547 1607 1639 1662 dicunt
1658 1604 1747 1672 lacitc,

124 1699 205 1757 tionis
228 1696 299 1769 quod
318 1704 361 1754 est
382 1693 482 1751 Laltan.
504 1693 693 1750 Verumtamen
716 1708 769 1748 una
792 1699 909 1759 amatur,
961 1706 1120 1765 queautcm
1135 1694 1236 1751 iaciunt
1248 1696 1336 1753 lacere
1350 1697 1443 1753 nolite.
1460 1699 1536 1754 Unde
1551 1698 1747 1754 inlaboreriu·

125 1792 208 1847 altca
232 1789 360 1843 toleratur
374 1804 380 1842 :
396 1786 444 1843 sed
464 1801 525 1858 quae
540 1787 684 1862 toleratur,
711 1782 769 1851 ipsa
791 1782 865 1853 prius
881 1791 909 1838 et
961 1782 1081 1839 culorum
1105 1785 1158 1840 sita
1186 1787 1344 1856 apostoliea.
1370 1788 1445 1856 Sive,
1465 1788 1568 1859 inquit,
1596 1792 1752 1860 oecasluue,

125 1881 233 1937 aterius
248 1878 416 1944 lecutulatur,
428 1884 458 1931 ut
467 1873 490 1931 si
503 1890 556 1930 uon
570 1882 680 1946 propter
692 1873 820 1942 seipsam,
835 1880 911 1928 certe
961 1875 1020 1935 sire
1033 1875 1147 1935 recitate
1157 1876 1280 1936 llltristos
1293 1882 1478 1949 annuntietur,
1491 1892 1518 1938 et
1531 1883 1557 1937 in
1572 1883 1622 1940 ltoc
1634 1886 1748 1956 gaudeo,

125 1979 235 2047 propter
251 1968 320 2023 lilios
335 1966 413 2038 dilipa
428 1983 470 2022 or.
490 1965 578 2021 Labor
589 1965 660 2022 enim
671 1963 804 2035 justorum
826 1961 912 2019 msti-
960 1968 1009 2025 sed
1022 1976 1050 2022 et
1061 1969 1185 2039 gaudebo
1198 1981 1324 2041 tanquam
1338 1981 1366 2029 et
1380 1972 1477 2030 ancilla
1494 1975 1615 2044 pariente
1628 1975 1663 2032 de
1676 1976 1755 2043 prole

126 2077 198 2121 ntum
213 2061 327 2117 iruetum
342 2058 424 2116 habet
437 2059 463 2115 in
479 2059 519 2116 eis
533 2073 601 2130 quos
615 2073 698 2130 regno
718 2056 765 2114 liei
781 2066 914 2128 generant
962 2059 1147 2116 numerosiore
1159 2059 1261 2118 letata.

127 2153 196 2209 lnter
210 2151 307 2208 multas
320 2149 481 2207 tentationes
499 2159 526 2203 et
540 2148 725 2205 tribulationes
740 2131 921 2217 praticando'

127 2241 315 2313 Euangelium,
339 2251 366 2297 et
379 2255 425 2297 cos
442 2248 550 2311 propter
567 2255 636 2311 quos
650 2247 713 2295 sunt
727 2239 753 2294 iu
773 2238 912 2296 laboribus
1228 2235 1341 2299 catut
1365 2237 1483 2295 Lxxlll.

126 2332 316 2405 pbundantius,
337 2331 363 2388 in
386 2333 473 2402 plagis
493 2347 574 2401 supra
593 2331 715 2400 modurn,
738 2333 765 2388 in
780 2331 913 2389 mortibus
962 2326 1002 2385 tte
1015 2333 1083 2400 [cao
1095 2326 1174 2387 lare
1191 2329 1260 2453 tund
1274 2345 1330 2383 curu
1342 2345 1388 2385 suo
1401 2345 1469 2409 auru
1483 2329 1629 2396 concaluit,
1645 2346 1677 2385 ec
1690 2331 1755 2386 eod.

128 2424 227 2495 saepius
247 2423 423 2497 [trequentes.
445 2421 482 2495 et]
512 2432 620 2494 propter
638 2436 705 2493 quos
728 2422 827 2479 lrabeat
847 2420 914 2481 toris
1207 2399 1238 2457 'b'
1255 2413 1309 2457 ¹¹¹¹
1325 2415 1413 2454 ‘mm‘
1425 2399 1519 2454 mm·
1594 2455 1597 2460 ·

128 2531 243 2588 patenas,
266 2515 338 2570 intus
360 2515 481 2580 umores,
505 2514 628 2586 gattdium
648 2523 676 2570 et
689 2528 816 2571 coronam
836 2527 913 2577 suam
996 2506 1072 2565 iudae
1084 2507 1181 2564 lactum
1191 2507 1676 2580 consideremusquodcumsttatturu
1685 2525 1747 2567 coo·

128 2615 236 2667 semul.
259 2604 411 2662 Nascuntur
429 2614 520 2663 aulem
539 2607 581 2662 eia
599 2606 701 2663 facilins
721 2617 800 2676 atque
823 2608 914 2677 capic·
963 2597 1066 2665 “illustr
1075 2597 1644 2670 (111ῑᾶὓῑῦὓῑΰθῧῖθῐῑῑῐῦῑΰωωῐῦ·Μθῐῑῑῑῧ
1654 2602 1747 2672 Ρῑῖθῑθ·

129 2697 186 2755 stas
206 2713 241 2752 ex
264 2697 309 2753 un
322 2711 447 2752 sernum
462 2696 521 2752 auat
540 2712 594 2767 qun
615 2697 760 2764 siracusas
778 2698 913 2757 cartana
963 2686 1098 2758 quantem
1120 2696 1173 2755 ess,
1193 2702 1228 2743 m
1247 2702 1511 2758 quemquamne
1525 2689 1750 2747 considerationis

130 2787 304 2853 emelotam.
319 2800 345 2844 ct
360 2788 485 2861 quidquid
501 2787 744 2859 humanitatisejut
764 2791 843 2847 citios
864 2790 914 2850 btt-
962 2778 1079 2836 ⁰⁶⁶⁰&ss
1104 2779 1178 2850 ΨΜ
1199 2779 1234 2837 ‘¹⁰
1256 2780 1414 2852 quibusdam
1437 2780 1518 2837 ¹³²¹ss
1547 2781 1746 2852 0116111111ὴο·

130 2894 208 2935 mana
227 2879 387 2950 cogitatione
408 2880 562 2949 percipitur,
575 2888 603 2936 ct
624 2881 743 2936 inllrsnos
763 2881 843 2939 etiam
857 2882 913 2941 bite
963 2869 1756 2944 111111115711150119111118111101151111Μ111111011111113.-

130 2973 221 3029 oculos
237 2986 290 3028 non
311 2972 458 3041 perturbat.
482 2971 582 3028 ilacltel
600 2981 689 3028 autem
708 2974 781 3028 clara
801 2983 911 3042 aspectu
925 2971 950 3041 c
963 2960 1011 3016 ⁸0d
1031 2960 1102 3017 h⁰⁰²
1122 2959 1212 3017 sulm
1225 2960 1420 3032 fldllfflfflfllffl·
1445 2960 1542 3020 511131
1555 2961 1627 3018 0¹¹1OE
1652 2961 1750 3034 ubi<1¹¹⁰

131 3073 219 3121 mente
241 3063 345 3121 excedit
369 3065 432 3130 beo,
457 3075 484 3119 et
503 3065 576 3119 ridet
600 3067 626 3119 in
651 3065 782 3137 principe
794 3066 912 3125 teratu
963 3057 1054 3118 ditius
1067 3056 1235 3127 1110111111111
1249 3056 1371 3117 'illumi
1384 3057 1509 3115 bonitatis
1522 3072 1588 3113 ⁵¹¹²·
1604 3055 1639 3115 Ul
1652 3072 1750 3128 11110111·

130 3156 200 3226 apud
216 3155 312 3223 Deum,
326 3164 353 3210 et
366 3155 526 3224 vultpacere
538 3165 566 3210 et
578 3170 629 3210 non
645 3167 744 3226 poten,
759 3158 820 3226 quia
833 3172 914 3230 pene
964 3149 1106 3207 admodum
1132 3164 1166 3209 es
1190 3150 1372 3207 adulterorum
1398 3150 1543 3207 cottcobitu
1571 3149 1701 3205 lonnatm
1724 3157 1756 3205 es

130 3247 262 3305 rationem
273 3245 331 3318 eius
341 3248 401 3318 quis
410 3246 745 3304 enarrabithroiadetita
754 3263 815 3319 qaas
824 3247 914 3306 stad'a
963 3243 1086 3298 attritur
1096 3240 1178 3297 bomo
1189 3240 1224 3297 de
1235 3241 1465 3310 ltotoinumopcre
1479 3239 1561 3306 ntalo,
1575 3239 1673 3296 bonum
1683 3254 1752 3308 opus

130 3336 364 3406 matemptattotis
381 3338 510 3405 competit
529 3347 557 3392 ut
569 3351 601 3392 ca
615 3351 676 3408 quae
689 3339 778 3394 carnis
796 3350 859 3396 strat
873 3339 914 3395 in·
965 3333 1012 3392 bet
1025 3334 1107 3406 (sicut
1119 3334 1145 3389 in
1158 3332 1321 3404 praecedenti
1333 3331 1518 3402 sermonejam
1528 3330 1657 3396 disimus,
1667 3330 1700 3386 ds
1713 3329 1751 3385 le·

129 3426 246 3482 risibilia
259 3441 312 3481 uon
325 3425 438 3482 inlirmis
453 3427 537 3482 oculis
548 3428 656 3492 mattis,
668 3443 717 3497 per
726 3443 759 3485 ea
770 3443 830 3498 qua
844 3428 913 3486 lacta
965 3427 1102 3484 canditate
1114 3426 1248 3483 seminum
1260 3420 1270 3495 ζ
1284 3440 1340 3480 ιιι
1363 3424 1398 3481 de
1420 3423 1584 3493 turpitudine
1605 3424 1753 3492 tiliorum),

126 3525 192 3577 suat
207 3515 343 3572 intellecta
364 3516 526 3585 eottspieiat,
550 3524 579 3571 et
593 3518 783 3589 sempiternam
799 3517 847 3574 liei
861 3520 915 3574 sir·
966 3520 1003 3577 ita
1018 3520 1045 3577 in
1069 3520 1214 3591 scripturis
1229 3517 1407 3590 propheticis,
1421 3532 1475 3575 noo
1495 3527 1596 3574 tantum
1620 3515 1689 3572 bona
1705 3516 1756 3571 lto·,

126 3619 215 3669 ιιιιιιι
239 3625 272 3666 ac
295 3609 460 3667 divinitatem
488 3609 657 3668 ineffabiliter
679 3620 788 3677 cernat,
818 3626 915 3668 cacare
967 3611 1093 3679 atinum,
1111 3611 1285 3666 verumetiam
1301 3609 1370 3664 mala
1392 3608 1461 3664 lacta
1482 3608 1666 3675 narrantibus,
1687 3621 1751 3678 quo·

125 3701 187 3757 ruit
205 3701 242 3760 ab
263 3701 337 3755 omni
362 3700 468 3772 negotio
489 3709 515 3756 ct
537 3699 597 3755 ideo
619 3701 730 3757 sterilis.
757 3700 914 3759 affectando
967 3704 1036 3761 uiam
1052 3703 1260 3773 propltetieaest
1282 3702 1339 3769 ipsa
1364 3700 1500 3768 narratio,
1520 3699 1684 3769 signilicetur
1701 3699 1750 3754 ali·

122 3793 228 3863 qnippe
243 3791 327 3846 otium
349 3804 401 3860 qao
413 3789 500 3846 studia
515 3789 750 3861 contemplationis
764 3791 914 3861 ignescunt,
966 3795 1031 3867 quid
1045 3795 1078 3850 de
1101 3793 1179 3849 malis
1192 3793 1317 3863 operibus
1333 3793 1479 3855 bominum,
1493 3792 1575 3848 etlam
1600 3793 1749 3849 lutucorum

122 3897 184 3943 mun
200 3891 419 3951 contemperatur
434 3881 581 3936 infirmitati
595 3881 752 3948 bantinum,
768 3882 814 3950 qui
830 3883 856 3938 in
870 3898 916 3938 ta·
967 3885 1110 3951 bonorum,
1127 3900 1179 3940 nou
1192 3885 1327 3954 peccantis
1338 3899 1430 3953 opere,
1442 3883 1488 3939 sed
1499 3884 1649 3940 scribentis.
1660 3885 1755 3956 Nenos

122 3975 177 4035 riis
192 3972 325 4042 pressuris
343 3972 395 4028 sibi
411 3971 566 4028 desiderant
585 3972 738 4043 subreniri,
754 3974 800 4029 sed
811 3975 873 4045 quia
888 3983 916 4031 et
967 3980 1037 4042 enim
1061 3976 1143 4032 ittdas
1165 3990 1226 4032 eum
1250 3977 1283 4032 ad
1299 3974 1416 4030 Thamar
1428 3975 1641 4045 concupiscentia
1665 3976 1752 4031 rictus

122 4067 188 4137 ipsa
209 4064 367 4137 procreandi
381 4064 511 4121 charitate
532 4065 685 4120 inardescit.
702 4065 763 4120 vult
776 4066 847 4121 euim
867 4068 916 4122 do-
968 4068 1095 4131 intraret,
1109 4071 1179 4123 ltanc
1192 4080 1249 4123 sata
1270 4064 1389 4121 libidinis
1403 4063 1577 4120 intentionem
1590 4064 1708 4134 gerebat,
1726 4075 1753 4120 ut

123 4170 193 4213 cere
214 4153 286 4226 quod
300 4154 376 4210 norit
388 4168 475 4224 neque
490 4169 550 4210 cum
571 4154 669 4211 inuidia
694 4155 846 4212 tabescente
865 4160 916 4213 lter
967 4158 1030 4216 inde
1042 4156 1143 4228 aliquid
1155 4154 1350 4227 significaretur
1360 4154 1431 4224 quod
1442 4155 1475 4208 ad
1487 4153 1600 4210 salutein
1615 4153 1752 4211 boninum

128 4245 242 4311 babere.
264 4244 342 4301 ilidet
356 4257 475 4302 sororem
491 4245 583 4303 labore
595 4245 784 4317 agendiatque
799 4247 916 4317 patiendi
949 4249 1125 4321 pertineret,
1140 4247 1210 4305 sicut
1223 4261 1273 4304 nee
1294 4245 1377 4302 ludas
1391 4246 1435 4301 ille
1450 4245 1496 4317 qui
1512 4246 1653 4302 Dominum
1668 4246 1754 4302 tradi·

131 4341 195 4397 liliis
210 4332 402 4403 abundantem,
422 4349 450 4396 et
469 4339 542 4396 dolet
562 4342 649 4410 potius
663 4353 772 4396 currere
793 4339 916 4397 homines
929 4338 955 4400 lt
967 4341 1023 4407 dit,
1036 4340 1089 4398 boc
1108 4339 1222 4396 intendit
1236 4347 1265 4395 ut
1277 4336 1380 4408 aliquid
1395 4337 1458 4393 inde
1476 4346 1617 4407 pareretur
1628 4336 1700 4406 pitod
1718 4337 1756 4392 ad

131 4431 165 4487 ad
174 4446 234 4486 cata
244 4432 368 4486 virtutem
378 4445 428 4500 qua
440 4445 532 4486 eostam
544 4429 742 4484 infirmitatibus
753 4430 918 4487 nseessilali·
952 4498 954 4502 .
966 4431 1086 4488 eamdam
1096 4431 1210 4488 mlumm
1223 4430 1360 4487 bominum
1367 4428 1521 4499 pertineret.
1532 4427 1642 4485 Porrosi
1653 4428 1688 4484 cle
1697 4436 1752 4484 tttn

130 4526 236 4594 basque
246 4523 404 4589 consulitur,
415 4537 494 4595 qaam
505 4522 536 4577 ad
546 4522 617 4578 illam
631 4523 701 4578 unde
710 4522 827 4577 diuinam
838 4529 867 4577 et
878 4523 918 4594 im
965 4521 1036 4577 atala
1046 4535 1129 4590 opere
1139 4519 1216 4577 Judce
1231 4520 1303 4575 illius
1319 4529 1371 4575 taut
1384 4520 1482 4575 bouum
1493 4532 1561 4588 opus
1574 4519 1701 4575 llotniatss
1714 4518 1754 4576 lc·

132 4612 427 4683 commutabilealiquid
436 4612 556 4668 discitur.
568 4613 615 4667 llic
624 4612 699 4668 dolor
710 4613 918 4683 figuratusride-
965 4614 1012 4677 cit,
1025 4622 1052 4668 ut
1061 4611 1180 4682 eiusdem
1190 4625 1246 4667 suae
1260 4611 1392 4680 passionis
1401 4609 1529 4679 sataguinc
1539 4622 1588 4664 nos
1599 4608 1755 4677 redimeret,

133 4705 211 4760 turin
223 4705 332 4776 eoquod
341 4705 468 4775 scriptum
478 4714 533 4760 cst:
546 4705 681 4761 Etaelacit
690 4704 917 4761 liacltelsororcm
970 4702 1032 4772 quid
1046 4704 1143 4757 mirum
1154 4703 1176 4757 si
1185 4702 1312 4772 propbeta
1323 4701 1391 4770 eius,
1405 4701 1502 4772 dequo
1514 4701 1571 4772 ipse
1584 4701 1641 4767 ait,
1658 4703 1695 4759 lle
1710 4719 1758 4759 me

131 4811 218 4851 soattt.
232 4795 347 4852 Proinde
357 4797 417 4865 quia
431 4795 546 4865 liquidus
557 4810 691 4866 purusque
705 4795 868 4864 intellectus,
884 4795 918 4852 de
968 4793 1041 4849 enim
1052 4791 1494 4862 illcsmipsitexmalelactoludm
1505 4792 1576 4849 iltius
1585 4794 1754 4865 bonialiquid

133 4885 178 4940 illa
189 4885 406 4952 substantiaque
417 4895 635 4953 eorpusnouest,
649 4901 680 4941 ac
695 4900 741 4956 per
752 4887 802 4940 boe
814 4885 845 4939 ad
859 4900 918 4942 car·
969 4886 1139 4956 sianilicatit,
1154 4896 1185 4941 ut
1199 4899 1248 4940 suo
1262 4883 1388 4956 mysterio
1404 4899 1453 4941 nos
1467 4885 1586 4942 doceret.
1605 4886 1643 4943 Ea
1657 4889 1755 4958 quippe
1823 4926 1826 4931 ι

134 4978 293 5033 nissensum
308 4992 359 5032 non
371 4978 499 5048 pertinet,
519 4976 607 5032 serbis
620 4990 700 5031 earne
710 4975 790 5031 editis
802 4976 916 5046 exprimi
969 4979 1106 5037 bominum
1117 4979 1186 5036 lacta
1194 4979 1294 5049 Spiritu
1304 4990 1396 5036 saneto
1407 4980 1564 5050 disponente
1575 4991 1654 5052 atque
1669 4981 1754 5048 inspi-

134 5085 186 5126 ιιι
201 5077 308 5140 potest,
320 5069 396 5140 eligit
415 5068 536 5124 doctrina
553 5066 689 5135 sapientia
714 5083 761 5139 per
784 5069 917 5138 utraslibet
970 5069 1162 5140 rantecollepit
1177 5068 1305 5139 propbeta
1320 5079 1452 5136 narrator,
1465 5087 1575 5142 auorum
1585 5068 1753 5137 interpositio

132 5173 279 5229 corporeas
300 5157 429 5229 imagines
444 5167 472 5214 et
486 5157 672 5213 similitudines
687 5167 831 5225 ntcmnque
845 5156 917 5226 cogi·
970 5175 1023 5216 non
1041 5171 1149 5218 secaret
1166 5175 1180 5215 a
1196 5162 1403 5233 praegnatione
1417 5178 1504 5219 rerum
1516 5175 1583 5232 quas
1603 5160 1754 5216 intenderat

134 5251 212 5306 landa
224 5250 362 5306 insinuare
375 5250 472 5314 diviua,
488 5264 568 5320 quam
582 5248 616 5304 ab
627 5247 717 5303 ol'licio
730 5249 790 5304 talia
802 5248 916 5304 docendi
970 5250 1148 5322 prophetare:
1163 5252 1195 5306 ad
1207 5253 1381 5322 significanda
1394 5265 1482 5307 autern
1492 5251 1580 5320 aliqua
1593 5250 1672 5313 botta,
1685 5250 1752 5304 nibil

133 5354 251 5405 cessare,
273 5340 343 5396 sicut
357 5339 437 5410 clegit
456 5338 554 5393 llacltel
578 5354 610 5393 ex
628 5340 686 5395 tiro
699 5353 750 5392 suo
771 5349 799 5392 et
819 5339 917 5394 ancilla
970 5340 1082 5397 interest
1091 5340 1158 5397 iacta
1169 5341 1213 5398 itta
1226 5382 1233 5407 ,
1248 5343 1345 5413 quibus
1358 5359 1389 5397 ea
1400 5343 1591 5413 significantur,
1605 5353 1652 5395 seu
1665 5340 1751 5408 bona,

133 5432 270 5504 suscipere
288 5431 358 5488 stlios
377 5446 456 5502 quant
476 5430 534 5487 sine
553 5429 615 5487 filiis
635 5429 746 5487 omuino
765 5445 916 5488 remanere.
970 5446 1017 5490 seu
1032 5434 1101 5489 mala
1120 5435 1182 5489 sitit.
1197 5435 1266 5502 Quid
1286 5436 1357 5490 enirn
1379 5450 1436 5488 mea
1459 5434 1587 5499 interest,
1612 5445 1673 5487 cunr
1691 5431 1754 5488 tolo

133 5525 194 5611 itala
206 5527 306 5597 quippe
317 5524 483 5596 interpretari
497 5525 592 5579 dicitur
604 5525 749 5581 inueterata
763 5540 771 5579 ι
786 5523 854 5580 Ιιιιι
870 5524 917 5580 ha·
971 5527 1070 5599 aliquid
1083 5528 1195 5600 legendo
1202 5541 1372 5598 cognoscere,
1385 5535 1471 5583 utrum
1485 5540 1517 5582 es
1529 5523 1611 5581 ennio
1618 5526 1758 5596 reperiam.
