3816 6112
68 248 126 310 σεε
694 261 909 319 τεεεευιιυε.
926 261 1002 319 car.
1017 262 1108 323 tritt.
1409 223 1416 236 ⁶
1455 231 1463 242 ’
1658 273 1712 330 tro

67 366 246 428 Testamenta
277 371 420 439 carnaliter
443 374 634 444 inlrarentcm,
660 387 688 435 et
719 379 903 441 adbasisseut
918 378 969 432 scit
978 385 1006 433 et
1016 377 1136 434 ostendit
1148 376 1280 445 Ecclesia,
1291 379 1421 450 quoniam
1435 383 1526 439 occiso
1539 382 1648 442 cbristo
1661 386 1711 452 εις

67 459 146 514 usuri
167 475 225 515 sua
246 470 349 519 tanctar
370 464 498 522 Ecclesiae
515 487 523 523 :
539 476 568 524 ut
590 482 656 537 pace
677 468 746 523 Noti
768 469 866 524 'lesta-
918 467 971 523 bac
993 481 1121 537 operatur
1142 480 1277 527 terrenam
1301 474 1549 545 circumcisionem,
1573 490 1711 533 terrenum

66 550 370 609 mercennarium
392 570 552 613 carneuna.
569 559 635 626 Quia
655 573 717 614 cum
736 559 772 614 sit
794 559 866 613 Deus
917 561 1074 628 sabbatum,
1091 573 1225 619 terrenum
1250 580 1398 637 azymum,
1427 576 1563 624 terrenum
1592 571 1709 640 pascba,

65 640 140 711 apud
154 642 263 698 Patrem
280 658 421 716 perquem
442 648 505 705 lacti
528 664 631 716 santus,
652 650 739 706 iactus
754 661 796 706 est
817 664 867 720 per
917 667 978 721 quae
993 652 1081 707 omnis
1094 663 1201 709 terrena
1214 659 1333 724 operatio
1344 657 1424 714 babet
1435 661 1569 715 occultam
1582 661 1709 715 virtutem

66 745 179 786 caruem
191 734 330 806 particeps
343 739 440 806 austri,
452 750 481 795 ut
495 739 568 797 illius
582 743 680 811 capitis
693 757 792 813 corpus
804 757 866 798 esse
917 741 1102 811 intelligenda·
1116 745 1209 811 uratia
1234 747 1350 814 christi,
1366 765 1426 818 quae
1441 765 1496 804 non
1510 752 1588 805 datur
1608 750 1709 805 ludaeis

67 838 222 894 possemus.
916 832 943 886 in
969 835 1106 903 impietate
1127 845 1155 890 ει
1178 835 1336 893 inlidelitata
1365 840 1618 907 perseverantibus,
1644 842 1709 909 quia

356 959 472 1016 mm,
493 961 579 1018 mn·
615 945 616 948 ¹
917 922 994 979 Noto
1008 922 1183 980 Testamento
1196 929 1313 982 revelata
1327 938 1384 994 cst,
1399 940 1425 983 et
1439 945 1491 984 non
1508 931 1708 986 transeuntibus

198 1070 205 1081 ,
714 1079 720 1092 .
858 1082 865 1095 ,
915 1016 948 1072 ad
962 1017 1121 1073 bominum:
1140 1035 1193 1073 mm
1207 1020 1246 1074 eis
1259 1020 1379 1075 aufertur
1393 1021 1569 1092 [auferretur]
1583 1022 1706 1078 uelamen

65 1067 440 1213 qunffl,tduxahe2gzss
459 1077 758 1213 ξῖξῖἑίῗαξθζὲἕῗζέἷέ*
770 1089 809 1206 εἰ,
820 1098 865 1207 45:
915 1110 987 1180 quod
1003 1111 1030 1165 in
1050 1111 1166 1167 lectione
1184 1113 1289 1168 Veteris
1303 1114 1466 1169 Testamenti
1484 1126 1589 1181 manet,
1603 1118 1664 1184 utria
1679 1119 1706 1172 in

104 1211 180 1281 εἰςεο
189 1213 258 1277 pane
273 1213 360 1281 „suit
372 1212 442 1269 Deus
451 1215 479 1271 i„
494 1212 581 1284 ceu„-
598 1234 631 1273 ω
644 1221 731 1274 ,ouem
749 1222 814 1276 pp„
826 1238 864 1278 ῃ,
915 1202 1090 1260 soluCltristo
1102 1216 1257 1272 evacuetur,
1274 1222 1326 1261 non
1341 1207 1397 1275 ipsa
1405 1207 1485 1262 lectio
1497 1208 1600 1263 Veteris
1612 1209 1707 1263 Testa·

102 1291 194 1335 ΜΝ
205 1280 345 1339 FWW·
914 1298 999 1353 menti
1018 1314 1077 1368 uuae
1093 1300 1173 1355 lrabet
1188 1300 1372 1356 absconditam
1398 1301 1545 1366 virtutem,
1570 1302 1616 1356 sed
1633 1305 1707 1357 rela-

104 1389 201 1460 ttaque
214 1391 347 1450 occiditur
357 1394 426 1451 Abel
441 1397 530 1451 minor
546 1407 608 1452 nuru
623 1413 638 1453 a
654 1398 738 1457 [farm
761 1415 793 1456 m
803 1401 864 1473 jore
915 1405 976 1445 mcn
996 1405 1049 1461 quo
1063 1392 1250 1448 absconditur.
1271 1392 1347 1449 Unde
1361 1392 1469 1448 Christo
1483 1394 1510 1447 in
1521 1408 1601 1450 crure
1614 1409 1705 1464 passm

64 1488 152 1535 natu:
167 1482 302 1546 reciditur
311 1482 444 1554 Christus,
459 1496 539 1555 caput
553 1489 644 1557 populi
659 1491 771 1546 minoris
787 1501 862 1561 natu,
915 1480 1005 1536 'emm
1021 1482 1114 1552 lefflbfi
1128 1482 1293 1537 0⁰¹¹505³⁵l¹ffl
1310 1492 1364 1548 0⁵¹2
1379 1493 1408 1537 ¹¹¹
1423 1498 1471 1553 bel
1487 1483 1586 1539 Chim?
1602 1485 1705 1551 Ρθέὓῑθ·

64 1584 80 1624 a
94 1572 199 1640 populu
208 1571 363 1629 ludaeorum
378 1575 481 1645 majore
493 1588 567 1633 natu.
582 1579 629 1635 tlte
643 1581 671 1635 iu
682 1596 794 1651 eampo,
811 1585 862 1640 5⁸10
914 1589 975 1630 nem
992 1575 1148 1630 revelentur
1162 1584 1265 1630 secreta
1280 1587 1509 1632 sacramentorum
1524 1575 1705 1642 fidelibus,ad

65 1659 95 1715 in
106 1661 243 1717 caluariae
252 1662 323 1718 lucu.
336 1664 483 1734 lntsrrogat
497 1666 567 1723 Deus
576 1667 655 1736 Cain,
669 1685 723 1724 non
737 1680 861 1742 tanquam
914 1665 1061 1722 bibendum
1074 1667 1134 1735 eius
1156 1667 1314 1737 sanguinem
1329 1682 1377 1724 ure
1391 1680 1484 1738 aperto
1499 1669 1525 1723 in
1536 1669 1705 1733 eorrtesstous
1796 1699 1803 1712 ·

68 1752 199 1825 ignaram
209 1769 272 1810 eum
287 1771 302 1809 a
315 1770 369 1826 quo
383 1756 478 1824 discat,
492 1759 539 1814 sed
554 1769 678 1832 tanquam
693 1764 774 1832 judex
786 1778 861 1819 reum
877 1752 901 1812 B
915 1757 1130 1813 transcuntibus.
1166 1757 1311 1826 Propterea
1337 1760 1452 1828 populus
1474 1760 1519 1814 ille
1542 1760 1611 1813 sieut
1638 1758 1704 1814 Cain

70 1859 148 1914 quern
174 1847 280 1914 puniat,
301 1848 347 1903 ubi
370 1849 405 1904 sit
434 1848 517 1905 irater
541 1850 610 1921 eius.
640 1852 789 1923 Respondit
816 1855 862 1911 inu
913 1847 1142 1915 adltucoperatur
1166 1848 1704 1919 terram,adbucexercutoperationent

76 1937 179 1992 rescire
193 1952 236 2004 te,
249 1952 299 1995 nec
310 1939 368 2010 ejus
381 1953 442 1996 esse
457 1955 487 1997 se
505 1942 654 2000 custodem.
670 1945 760 2016 Usque
775 1946 863 2003 adtruu
913 1938 981 2010 legis
993 1938 1149 2004 carnaliter,
1165 1955 1225 2008 quat
1240 1956 1293 1994 non
1307 1939 1389 1994 sidat
1404 1942 1528 1995 uirtutem
1544 1942 1703 2009 suumomni

77 2029 131 2096 trid
146 2028 226 2084 nouis
240 2031 403 2100 respondent
415 2031 512 2100 ludei,
525 2048 585 2088 cum
602 2036 708 2091 cosilai
725 2050 800 2104 rose,
811 2037 861 2093 hoc
916 2029 943 2084 iu
956 2044 989 2085 ea
1005 2045 1058 2084 non
1080 2029 1207 2100 intelligit
1219 2029 1332 2099 gratiam
1353 2030 1467 2096 Christi;
1483 2039 1622 2098 propterca
1635 2042 1663 2086 et
1677 2032 1704 2085 in

82 2131 114 2175 εει
133 2130 286 2176 sanctarum
301 2121 499 2192 Scripturarum
523 2133 590 2200 tuce
611 2128 807 2199 interrogamus
828 2129 862 2185 de
913 2120 970 2190 ipsa
985 2131 1053 2177 terra
1067 2137 1147 2191 quam
1157 2119 1280 2177 Christus
1295 2120 1419 2190 portarit,
1429 2121 1454 2174 id
1466 2129 1507 2176 εει
1517 2122 1544 2176 in
1554 2121 1613 2192 ejrrs
1623 2136 1704 2177 cartre

84 2208 192 2277 Cltnstu,
214 2212 266 2266 nisi
293 2213 399 2268 nescire
417 2227 447 2269 se
467 2211 604 2270 Christum
629 2231 708 2286 quem
731 2218 862 2274 dicimus?
913 2213 965 2284 ipsi
980 2216 1083 2285 operati
1097 2223 1159 2271 sunt
1169 2213 1282 2268 salutem
1298 2224 1417 2267 nostram
1434 2212 1614 2283 crucifigendo
1625 2212 1710 2276 Cirris

89 2300 164 2355 Fallat
177 2302 250 2358 enim
261 2300 328 2357 Cain
343 2303 475 2374 ignoratio
498 2304 655 2362 ludaeorum
675 2309 795 2366 ostfaloa
808 2326 857 2368 tte·
913 2314 1007 2373 stum,
1023 2306 1068 2373 uui
1093 2314 1215 2360 mortuus
1235 2315 1276 2359 εει
1295 2313 1405 2374 propter
1419 2305 1516 2361 delicta
1531 2316 1632 2360 nostra.
1648 2304 1703 2360 Nee

92 2395 161 2462 patio;
174 2402 265 2449 essem
279 2403 369 2449 autern
381 2395 431 2464 ipsi
444 2396 643 2466 quodammodo
656 2396 755 2456 Christi
772 2410 862 2458 custo·
912 2403 953 2459 eis
965 2402 1037 2458 dedit
1048 2403 1141 2459 eadem
1157 2413 1227 2459 terra
1241 2402 1367 2457 uirtutem
1383 2416 1470 2468 suam,
1483 2401 1545 2471 quia
1557 2415 1610 2455 non
1622 2398 1702 2468 justi-

92 2487 133 2550 ιε,
145 2487 165 2540 si
177 2484 357 2542 Christianam
372 2487 453 2571 iidem
466 2488 590 2559 accipere
603 2502 630 2547 ot
655 2493 791 2549 custodire
813 2509 861 2549 ro·
912 2496 983 2551 ilcati
999 2505 1064 2552 sunt
1077 2497 1176 2554 virtute
1191 2498 1395 2553 resurrectionis
1409 2497 1478 2565 ejus,
1492 2497 1537 2565 nuri
1558 2493 1703 2550 resurrexit

94 2579 189 2635 luissent.
210 2579 278 2634 Nam
293 2581 339 2651 qui
353 2580 471 2637 custodit
488 2582 515 2637 in
533 2582 617 2638 corde
638 2598 688 2640 suo
709 2584 858 2651 Christum,
913 2596 1023 2656 propter
1034 2587 1255 2656 justilicationem
1270 2599 1400 2644 nostram.
1416 2589 1481 2654 Quia
1494 2587 1544 2642 etsi
1558 2585 1702 2640 crucilrrus

95 2671 195 2727 malint
212 2671 360 2743 unrrdsain
372 2690 380 2727 :
394 2673 517 2744 Nunquid
530 2689 581 2746 ego
595 2684 686 2731 custus
699 2691 759 2732 sum
771 2676 861 2732 fratris
912 2686 954 2733 est
969 2679 995 2732 in
1010 2678 1176 2747 infirmitate,
1192 2679 1239 2735 sed
1254 2680 1322 2734 ririt
1335 2679 1362 2734 in
1377 2679 1475 2735 uirtute
1487 2677 1544 2745 bei,
1558 2679 1627 2733 sieut
1640 2675 1702 2734 dicit
1734 2688 1737 2694 ’

95 2761 145 2816 nidi
156 2762 221 2817 bieit
230 2762 303 2818 bcus
314 2763 348 2819 ad
358 2762 444 2819 Cain:
457 2764 526 2833 Quid
538 2764 644 2822 iecisti?
656 2765 713 2829 ¹lua
724 2769 862 2839 sanguinis
913 2768 1070 2839 Apostolus.
1083 2770 1145 2825 llec
1158 2785 1224 2841 ergo
1237 2781 1277 2825 εει
1291 2771 1374 2826 uirtus
1385 2781 1462 2826 terrae
1473 2764 1544 2824 illius
1555 2783 1633 2839 ortam
1649 2783 1702 2822 noa

96 2854 211 2912 intristui
226 2856 370 2912 clamatad
384 2857 472 2915 mede
487 2866 569 2914 terra.
592 2859 637 2915 Sic
647 2862 734 2932 arguit
748 2862 775 2917 in
789 2860 862 2918 Scri·
916 2862 1036 2916 ostendit
1057 2861 1148 2929 impiis
1171 2872 1198 2916 et
1222 2861 1381 2928 incredulis,
1398 2863 1469 2917 uarie
1489 2874 1540 2916 nec
1561 2873 1703 2927 resorgens

96 2946 331 3013 pturistanetisroa
352 2949 442 3005 diuina
466 2950 587 3010 ludaeos.
603 2952 687 3009 ilabet
704 2954 782 3009 enim
804 2967 862 3009 ma·
912 2953 953 3009 eis
964 2966 979 3007 a
992 2953 1090 3023 ouibus
1104 2961 1163 3009 erat
1176 2953 1320 3009 crucifixus
1332 2955 1475 3023 apparuit,
1493 2963 1619 3021 tanquam
1635 2950 1702 3006 Cain

95 3052 254 3105 rnamrooem
269 3040 369 3098 Christi
387 3042 496 3114 sanguis
514 3042 542 3098 ln
560 3052 643 3113 terra,
655 3060 716 3100 cum
734 3060 767 3101 eo
782 3061 860 3102 acce·
912 3047 1034 3116 operanti
1048 3055 1164 3114 terram,
1186 3056 1215 3103 ut
1233 3062 1344 3117 granum
1363 3046 1429 3102 illud
1441 3047 1630 3114 seminaretur,
1648 3060 1702 3099 non

96 3139 126 3196 pto
135 3132 165 3186 ab
175 3132 300 3189 anninus
310 3133 436 3203 gentibus
449 3136 627 3203 respondetur
637 3138 734 3193 Amen.
750 3120 896 3195 Haeccstss
911 3135 1058 3192 ostendens
1071 3136 1166 3192 eudem
1190 3145 1260 3192 term
1275 3138 1389 3193 lructum
1417 3136 1525 3192 virtutis
1545 3150 1612 3192 aua.
1628 3136 1701 3203 Quo-

96 3221 146 3278 tlara
169 3238 221 3279 tux
248 3225 399 3295 sanguinis,
417 3240 498 3295 quam
523 3231 634 3299 sanguis
654 3231 713 3299 ipse
730 3230 861 3301 exprimit
912 3228 1160 3300 nianuoperaben'a,
1173 3231 1270 3300 inquit,
1283 3217 1702 3298 terram,etnonadjiciettirttt·

96 3325 165 3371 tture
178 3315 297 3374 bdelium
308 3318 404 3374 eodem
419 3320 551 3390 sanguine
564 3322 774 3393 redemptorum.
791 3323 862 3381 bicit
912 3328 967 3376 tem
979 3333 1055 3375 auam
1067 3321 1134 3376 dare
1147 3321 1211 3387 tibi,
1222 3333 1332 3391 gemens
1345 3330 1373 3376 ot
1386 3329 1503 3375 tremens
1515 3319 1570 3373 eris
1583 3318 1609 3373 in
1621 3328 1702 3375 terra.

10 3454 12 3460 .
93 3400 282 3465 beuaadcain:
299 3409 418 3466 litnunc
438 3412 599 3469 maledictus
619 3423 683 3470 tua
705 3423 775 3470 terra
799 3430 861 3488 quae
909 3410 1139 3482 Nuucucceuuis
1149 3426 1203 3469 non
1218 3413 1317 3479 rideat,
1329 3413 1389 3482 quis
1400 3426 1452 3465 aon
1465 3419 1593 3481 agnoscat
1605 3412 1632 3464 in
1646 3419 1701 3466 tota

92 3501 219 3567 apernitos
240 3517 318 3558 suum
342 3506 465 3575 accipere
483 3507 640 3578 sanguinem
660 3510 751 3565 tranis
769 3510 808 3566 aui
826 3510 862 3566 du
910 3511 983 3559 terra
997 3503 1308 3574 quacunquadiapersus
1321 3511 1363 3558 est
1377 3500 1424 3558 illo
1439 3501 1702 3573 populusquomodo

89 3601 150 3644 naua
161 3600 215 3659 tta,
229 3593 355 3663 quoniam
370 3596 528 3665 operaberis
542 3606 657 3666 terram,
673 3607 702 3655 et
716 3615 770 3655 non
790 3599 859 3671 adji·
910 3601 1003 3663 comat
1024 3606 1143 3650 moerure
1165 3591 1258 3649 amissi
1272 3593 1359 3663 regni,
1372 3600 1401 3647 et
1414 3600 1513 3649 tremat
1535 3593 1632 3648 timore
1649 3591 1701 3647 sub

88 3680 261 3740 aletrinutem
276 3700 353 3742 auam
362 3686 429 3747 ,dare
443 3687 631 3759 tibitgemena
641 3698 669 3746 et
677 3700 794 3747 tremens
805 3692 860 3750 eris
913 3682 1154 3741 innumerabilibus
1179 3682 1285 3753 pupulis
1316 3681 1497 3739 Christianis?
1520 3680 1637 3752 ldeuuue
1659 3696 1703 3738 re-

86 3769 193 3830 interra.
207 3774 267 3831 idon
288 3776 356 3831 dixit
369 3778 510 3834 maledicta
530 3787 611 3843 terra,
634 3781 683 3835 sed
702 3782 860 3837 maledictus
913 3774 1023 3843 spondit
1034 3773 1101 3830 Cain
1115 3781 1143 3829 et
1155 3772 1239 3828 disits
1253 3771 1338 3842 llajor
1350 3782 1393 3828 est
1406 3786 1486 3828 cauta
1501 3787 1560 3828 ntea
1570 3788 1578 3837 ;
1589 3771 1614 3826 si
1627 3771 1703 3839 ejicia

84 3871 127 3915 tua
141 3873 220 3932 terra,
235 3880 296 3936 citas
309 3868 415 3936 aperuit
427 3883 458 3924 os
474 3884 551 3925 auum
573 3871 697 3939 excipere
713 3870 860 3944 [accipere]
911 3862 1080 3920 monadica
1095 3863 1161 3917 lacis
1175 3872 1266 3932 terra,
1281 3869 1311 3917 et
1323 3875 1339 3916 a
1358 3861 1427 3917 lacis
1441 3871 1486 3916 tua
1498 3859 1659 3925 abscondar,
1675 3869 1703 3916 et

82 3954 224 4023 eripuissem
240 3956 331 4014 iratris
346 3959 385 4014 tui
397 3960 431 4014 de
446 3975 527 4015 manu
543 3970 598 4017 tua.
615 3939 771 4017 Maledictus
786 3965 858 4018 enirn
910 3970 958 4011 eto
971 3967 1082 4024 gemens
1093 3962 1123 4010 et
1136 3960 1255 4010 tremens
1267 3968 1349 4023 super
1363 3961 1476 4019 terram,
1493 3962 1519 4007 et
1533 3953 1600 4020 erit,
1613 3953 1702 4007 omnis

78 4055 113 4098 est
137 4048 248 4117 populus
274 4048 400 4107 luduicus
427 4052 544 4108 infidelis
567 4069 582 4107 a
613 4033 695 4121 terra,
716 4055 741 4108 id
762 4064 805 4110 est
826 4055 860 4110 ab
910 4045 957 4117 qui
968 4045 1101 4100 inuenerit
1116 4059 1171 4114 me,
1183 4044 1289 4101 occidet
1301 4059 1354 4101 me.
1371 4043 1507 4100 Vereinde
1517 4043 1599 4114 gernic
1611 4053 1639 4098 et
1649 4052 1703 4098 trs·

76 4132 268 4210 meroreque
281 4143 387 4211 aperuit
407 4158 537 4200 ossuum
560 4145 587 4199 in
605 4145 774 4201 confessione
799 4159 861 4214 pec-
911 4137 962 4192 mit
976 4151 1035 4203 ¹1⁰2
1050 4150 1134 4205 seint>
1153 4137 1234 4192 etiam
1259 4146 1366 4192 ῑθῐῐθῠθ
1389 4135 1510 4206 widdo,
1532 4135 1583 4189 5⁸³²
1601 4132 1700 4190 visibili

73 4237 188 4283 catorum
212 4231 338 4312 accipere
375 4233 532 4304 sanguinem
570 4233 682 4302 Christi,
716 4236 761 4305 qui
784 4235 860 4292 lusus
911 4238 999 4283 ruortc
1012 4224 1163 4283 occidatur.
1179 4225 1254 4281 lianc
1267 4224 1333 4280 dicit
1347 4225 1476 4295 majorem
1490 4237 1700 4293 causam,quam

69 4326 110 4373 est
134 4319 160 4374 ln
189 4323 376 4380 remitaiunera
397 4335 568 4396 peccatorum
592 4326 627 4383 de
656 4342 737 4383 manu
768 4343 860 4398 pensu.
911 4321 985 4378 illam
997 4318 1067 4391 quod
1080 4321 1105 4374 ei
1120 4327 1190 4374 terra
1212 4333 1266 4374 non
1281 4318 1327 4374 dat
1339 4319 1463 4375 virtutem
1478 4333 1574 4385 suam,
1590 4333 1625 4374 ne
1644 4316 1701 4388 spi·

66 4416 307 4479 erwtit.nuleatia
330 4419 456 4475 esaesub
472 4421 572 4491 ¹pratia,
596 4421 644 4476 aed
666 4421 807 4492 sublege,
830 4430 859 4478 ut
911 4416 1027 4471 cialiter
1048 4416 1180 4472 moriatur
1208 4432 1216 4470 ε
1239 4415 1383 4471 carnaliter
1398 4416 1471 4470 enirn
1498 4414 1578 4484 sapit,
1602 4422 1630 4469 et
1653 4412 1701 4466 ab·

64 4519 140 4564 esset
158 4507 193 4563 ab
213 4508 336 4565 Erelesia
352 4511 522 4579 maledictus,
540 4510 566 4568 id
584 4522 628 4568 est
649 4520 679 4568 ut
692 4528 754 4569 eum
780 4511 857 4568 intel·
873 4487 1006 4562 Ducendi
1019 4522 1034 4561 a
1049 4506 1117 4563 lacis
1127 4506 1184 4576 bei,
1195 4505 1222 4562 id
1234 4516 1277 4563 est
1289 4506 1385 4562 iratum
1398 4505 1497 4562 babere
1513 4506 1607 4570 Deum,
1621 4519 1702 4576 graue

63 4600 160 4671 rigeret
181 4608 208 4655 et
226 4601 381 4657 ostenderet
404 4601 523 4657 Ecclesia
545 4603 735 4671 maledictum,
752 4603 859 4660 dicente
912 4612 966 4652 non
977 4605 1064 4669 putat,
1080 4598 1132 4654 nisi
1143 4613 1178 4654 no
1193 4599 1379 4654 inueniaturet
1391 4598 1538 4654 occidatur.
1551 4596 1702 4653 carnaliter

62 4689 222 4758 apostolo:
256 4690 414 4761 Quicunque
449 4694 521 4748 enim
557 4708 593 4749 ea
630 4694 756 4764 operibus
789 4695 858 4765 legis
908 4687 980 4743 enim
993 4686 1063 4756 sapit
1078 4694 1204 4756 tanquam
1225 4700 1341 4757 operans
1364 4697 1462 4742 terram
1483 4687 1698 4756 cujusrirtutctn

61 4789 126 4832 sont
154 4777 206 4833 snb
228 4780 447 4836 materterarum
469 4783 549 4853 tegis.
573 4784 674 4841 uernae
689 4800 750 4841 curn
774 4785 859 4842 uitis·
912 4792 965 4833 non
989 4777 1097 4847 accinit·
1112 4777 1214 4847 sapere
1228 4784 1318 4834 auen
1343 4776 1490 4832 secundum
1505 4792 1614 4834 carnem
1629 4791 1702 4832 nort

61 4877 119 4922 att:
143 4867 301 4925 llaledictus
323 4878 350 4925 ta
372 4853 387 4924 a
402 4880 473 4927 terra
485 4888 544 4941 qua
552 4876 657 4944 aperuit
673 4890 795 4931 ossuum
813 4891 858 4933 uu.
909 4876 960 4936 est,
976 4884 1056 4940 quam
1071 4870 1116 4925 ille
1136 4885 1191 4925 uon
1207 4869 1378 4940 intelligens,
1393 4868 1493 4924 amisso
1508 4884 1590 4940 regnu
1600 4871 1702 4940 gennit,

59 4959 152 5026 cistere
168 4959 327 5030 sanguinem
341 4959 431 5018 iratris
444 4962 483 5017 tui
496 4963 531 5017 de
545 4978 625 5020 manu
638 4975 694 5032 tua,
708 4981 761 5021 non
772 4966 856 5023 disits
911 4970 940 5017 et
949 4961 1118 5030 corporalem
1134 4971 1249 5017 mortem
1264 4961 1363 5017 tremit.
1377 4959 1432 5017 Sed
1445 4960 1510 5031 quid
1524 4961 1549 5017 ei
1563 4961 1704 5030 respondit

60 5047 193 5113 Quoniam
207 5050 364 5118 operaberis
379 5065 450 5117 eam,
460 5051 508 5108 sed
520 5052 572 5108 ait:
585 5055 716 5124 Quoniam
727 5058 858 5128 operabe-
911 5052 1000 5109 beuti
1013 5053 1072 5108 Nun
1091 5053 1141 5118 sic,
1158 5053 1254 5123 inquit,
1270 5053 1358 5109 omnis
1368 5053 1414 5124 qui
1429 5053 1558 5110 occiderit
1569 5053 1636 5109 Cain
1656 5069 1701 5108 so·

59 5139 98 5190 ris
113 5147 228 5206 terrani,
243 5149 272 5194 et
285 5153 339 5198 nun
350 5139 460 5211 adjiciet
474 5143 599 5200 rirtuteru
616 5161 692 5201 suam
707 5147 772 5203 dare
797 5149 856 5206 tibi.
910 5159 982 5217 ptem
994 5146 1259 5213 vindictasexsolrtt‚
1274 5144 1352 5201 idest
1364 5162 1417 5201 nun
1428 5145 1700 5217 sicnttomododicis,

56 5231 112 5303 [47
129 5230 204 5287 Unde
217 5247 272 5287 non
283 5241 326 5288 εει
340 5248 453 5291 neumae
463 5238 585 5292 eamdent
595 5246 692 5294 terram
704 5239 855 5311 intelligere
909 5254 962 5295 non
978 5240 1113 5309 corporali
1134 5249 1222 5295 morte
1235 5239 1354 5296 interibit
1367 5254 1452 5310 genus
1474 5240 1584 5308 impium
1604 5253 1701 5291 carna·

58 5322 167 5390 sperari
179 5320 247 5378 Caio
261 5338 322 5394 quae
344 5325 450 5395 aperuit
466 5342 497 5382 us
511 5343 588 5384 suum
604 5329 727 5398 accipere
745 5331 855 5401 sangui·
908 5329 974 5385 lium
988 5328 1143 5384 ludseorunr
1159 5329 1332 5401 :quicunque
1345 5332 1418 5387 enim
1433 5345 1481 5385 ens
1495 5330 1529 5384 ita
1540 5327 1699 5396 perdiderit,

59 5429 123 5470 nem
138 5412 230 5470 learns
243 5415 279 5482 da
293 5431 374 5474 manu
389 5415 458 5488 ejus.
474 5418 527 5474 Sed
555 5409 616 5475 ideo
637 5419 795 5475 maledictus
814 5421 856 5475 in·
909 5429 1013 5488 septem
1035 5419 1167 5475 rindietaa
1187 5421 1329 5490 emulcet,
1354 5421 1380 5475 id
1404 5430 1466 5485 est,
1480 5418 1584 5472 auferet
1605 5415 1640 5471 ab
1660 5415 1700 5471 eit

57 5509 189 5579 “minui
210 5508 246 5564 ab
271 5507 323 5565 Μ
342 5519 434 5577 ierit·
451 5512 577 5583 quonum
601 5528 727 5585 operatur
752 5527 853 5572 terram
908 5524 1012 5581 septem
1028 5511 1158 5568 vindictas
1183 5512 1281 5582 quibus
1295 5512 1393 5582 alligati
1417 5519 1479 5564 sttnt
1503 5517 1612 5578 propter
1637 5521 1700 5562 rea·

56 5613 117 5668 quaa
137 5614 192 5654 nun
212 5598 356 5673 [nondum]
371 5600 480 5671 adjiciet
495 5603 621 5659 rirtutcm
636 5618 709 5658 suam
725 5605 789 5661 darc
801 5607 852 5663 itti,
907 5613 963 5658 tum
977 5603 1060 5659 occisi
1073 5602 1193 5671 Christi,
1207 5612 1237 5659 ut
1252 5604 1304 5658 ltuc
1319 5612 1375 5656 toto
1389 5610 1510 5669 ternpore
1522 5598 1593 5670 quod
1608 5611 1699 5669 septe·

53 5689 379 5765 ldest‚idcupopulum
402 5694 558 5762 ludaeorum
584 5698 753 5760 maledictum
768 5714 850 5771 agnu-
907 5696 1097 5754 nariodierum
1112 5691 1697 5762 numeruuoluitur,magisquiauuuiuter-
