3816 6112
139 252 195 313 tud
331 316 335 321 ,
751 255 972 317 turstenus.
989 257 1069 325 (idi.
1088 256 1182 325 lxiii.
1218 306 1221 311 .
1264 294 1271 305 ·
1734 264 1788 323 dtu

133 386 189 431 nec
205 368 381 445 iietquisque
392 370 565 445 qualiscupit
577 385 649 439 esse,
664 372 716 429 nisi
730 386 760 431 se
773 373 861 430 oderit
872 387 939 445 qua·
952 371 979 433 Δ
992 371 1039 442 sit,
1054 387 1118 430 cum
1136 372 1291 445 ignoscunt,
1304 386 1341 430 ne
1359 387 1465 444 parom.
1487 371 1560 429 iiiiii
1582 373 1694 447 puniant
1713 378 1786 447 quod

129 462 170 519 iis
195 474 253 521 est.
268 463 322 523 ssu
346 463 434 522 donee
452 464 487 520 ad
510 466 670 535 sapientiam
693 466 940 539 perfectionemque
992 478 1046 521 non
1060 462 1148 518 valeat
1160 461 1195 520 ad
1210 462 1320 527 meiius,
1335 463 1406 519 niiril
1417 461 1573 533 indulpcant
1586 462 1657 533 quod
1669 472 1788 521 uertatur

126 556 281 622 veniatur,
300 570 335 612 eo
355 556 446 613 auimo
472 554 542 613 ierat
564 556 708 613 stultitiam
735 557 862 627 proximi,
886 572 941 629 quo
993 556 1019 608 in
1033 555 1120 625 pejus,
1145 568 1210 609 snm
1225 562 1427 623 putentomnes
1447 553 1475 609 in
1499 568 1568 625 quos
1591 554 1642 609 sibi
1668 562 1788 621 potestas

127 661 219 703 'uam
233 648 320 705 icrret
330 648 356 707 si
369 649 470 707 stulttia
494 658 622 716 esseest
642 659 747 707 amaret
769 650 940 721 sapientiam.
992 644 1052 701 data
1069 644 1166 711 luerit;
1183 645 1399 711 inservierunt
1413 642 1453 701 cis
1466 644 1602 701 dominari
1625 645 1739 715 pudeat;
1750 646 1789 699 ita

118 738 460 811 Quaproptersietipss
474 740 685 812 sepertinere
699 742 942 800 tinerrerteeureri
996 734 1182 805 dominemur,
1198 744 1226 793 ut
1248 735 1288 791 cis·
1311 736 1414 791 seruire
1438 734 1566 791 delectet.
1588 734 1617 791 ln
1638 735 1789 791 alienorum

119 832 219 901 reem
232 832 329 891 umbra
343 840 396 899 est,
408 832 490 889 etiam
506 848 553 902 per
567 833 654 905 ipsam
676 850 727 891 ner
746 844 942 891 curreremque
991 834 1081 887 cirtem
1099 826 1216 893 peccatis
1230 823 1336 879 molesti
1360 839 1414 879 nnn
1436 825 1490 880 sint
1514 824 1608 880 intrito.
1632 822 1790 881 Inimicitias

116 922 233 981 diuina
248 922 428 994 prouidentia,
444 923 509 995 quid
521 924 706 996 siqnilicenrnr
724 926 824 995 uitiosi,
839 936 867 983 et
887 941 941 997 que
992 913 1353 981 rirentcautissimederm
1363 915 1530 985 aequissime,
1540 915 1634 970 iniant
1646 913 1789 973 citissime.

118 1016 295 1077 dabamus
315 1016 407 1073 pedire
426 1018 554 1075 correcti,
566 1018 626 1075 me
644 1033 708 1075 uero
722 1033 819 1077 qqqqq·
832 1029 940 1093 specta.
992 1008 1022 1064 lu
1045 1008 1119 1065 omni
1139 1021 1206 1063 lel'b
1224 1015 1368 1063 cotiiracili
1391 1016 1471 1075 tique
1496 1007 1705 1062 contemtione
1727 1019 1790 1061 cliiii

118 1108 215 1179 cula,
230 1118 263 1166 et
277 1110 368 1167 omnis
382 1109 428 1167 ilia
442 1126 503 1184 qum
524 1112 676 1183 appellator
700 1113 852 1178 curiositas,
877 1112 941 1182 quid
993 1098 1161 1163 bominibus,
1175 1096 1242 1152 satis
1252 1104 1295 1152 est
1310 1110 1418 1151 serrare
1434 1110 1515 1149 urruns
1536 1094 1588 1149 inse
1602 1095 1711 1165 rrripare
1728 1108 1791 1164 pro-

121 1200 219 1261 ,Μ
235 1204 336 1275 qum-pp
358 1216 439 1273 quem
458 1203 496 1259 qq
517 1218 608 1261 mum
627 1204 784 1271 fflqqqqqm
803 1204 942 1263 quiqam
993 1190 1116 1246 rerbium
1133 1206 1139 1243 :
1154 1188 1259 1245 Nemini
1281 1187 1379 1244 inciam
1392 1186 1463 1260 quod
1477 1188 1531 1256 pati
1550 1188 1654 1243 nolunt.
1671 1186 1792 1259 lienrpu·

118 1292 212 1365 Quiri
230 1310 299 1368 erpo
310 1294 505 1362 admirabilius,
519 1296 586 1365 qnid
604 1298 755 1367 speciosius
783 1296 840 1367 ipsa
867 1298 940 1355 reri.
994 1282 1092 1341 blicam
1105 1281 1193 1338 nolint
1206 1279 1397 1339 administrare
1411 1280 1463 1337 nisi
1478 1280 1602 1353 periere.
1616 1278 1730 1337 certeco
1744 1296 1789 1335 an·

118 1396 208 1457 tate,
223 1388 261 1445 ,p
274 1404 354 1461 qm.
368 1398 504 1459 ,Mum
519 1389 610 1445 omni.
624 1390 768 1460 „mim
790 1404 821 1445 ω
842 1404 943 1460 qum
994 1385 1048 1431 ιοοι
1064 1374 1107 1432 rel
1121 1375 1193 1433 intra
1210 1384 1317 1433 atatem
1329 1364 1494 1431 senatoriam
1510 1373 1648 1439 festinent,
1662 1374 1703 1429 rel
1713 1383 1789 1431 certo

116 1480 307 1549 mererer,
324 1495 388 1539 qum
410 1480 588 1539 „110⁰oean
600 1497 637 1539 ,ω
649 1480 758 1539 pum,
771 1482 912 1554 qmqqqp
995 1468 1262 1539 intrajurentute1n3
1276 1466 1324 1524 sed
1342 1467 1465 1539 quisquis
1476 1481 1581 1524 serose
1599 1468 1632 1523 ad
1658 1468 1709 1523 ista
1725 1482 1791 1524 eon-

998 1561 1191 1627 certesiensis
1212 1557 1357 1615 arbitretur
1373 1557 1438 1613 nillil
1458 1558 1511 1615 sibi
1535 1572 1597 1615 esse
1615 1567 1792 1631 praeceptum,

423 1630 539 1689 CAPUT
558 1630 654 1691 ¹¹¹⁰·
995 1668 1057 1709 narn
1082 1655 1131 1709 ista
1152 1650 1245 1723 utique
1269 1653 1372 1711 tacilins
1385 1652 1498 1709 decoeta
1518 1662 1598 1711 etate
1618 1651 1793 1715 servabimus

120 1744 223 1815 Qua
233 1742 288 1803 bet
301 1746 344 1803 lea
355 1746 410 1801 sits
422 1746 540 1815 φαοοοι
554 1746 694 1815 discipline
705 1747 749 1811 ait,
762 1764 795 1804 ea
805 1746 873 1805 liirs
882 1762 903 1805 tt
913 1747 945 1805 dc
960 1748 1069 1813 Bennoi
1085 1760 1178 1805 autem
1191 1749 1257 1813 rita,
1270 1748 1340 1812 lisso,
1356 1756 1487 1818 tempore,
1503 1748 1607 1805 andem
1621 1749 1793 1815 autitubeant

328 1816 764 1883 ⁰'‘¹³''⁸·‘'‘oe“'⁸·‘¹⁰⁶¹⁰⁶“m·
950 1906 953 1911 ¹
996 1849 1043 1895 aut
1057 1839 1156 1896 lrabere
1176 1840 1289 1895 instent.
1308 1838 1609 1911 obsequantnrdlpois,
1630 1844 1712 1899 etiam
1736 1855 1796 1905 rou

168 1928 254 1989 curn
275 1944 371 1991 omines
393 1944 534 1989 cernerem
566 1927 764 1989 studiosissime
778 1946 810 1991 ae
828 1933 946 2003 proauis
998 1931 1440 2005 trocerspecranubu‹,snpernoe
1452 1933 1542 1987 minus
1558 1944 1665 2000 curent,
1681 1934 1796 1997 nriniure

115 2036 286 2093 eruensque
299 2021 402 2079 uiribus
414 2021 497 2079 Ιιοοιο
511 2036 646 2093 quaerere,
661 2022 710 2081 sed
738 2023 825 2093 ipsunt
839 2023 874 2083 de
892 2038 947 2093 quo
996 2023 1063 2091 sint,
1078 2032 1142 2094 apte
1154 2034 1392 2095 congruenterque
1406 2026 1509 2081 strant.
1526 2025 1612 2081 iteum
1631 2028 1732 2093 colant,
1746 2044 1794 2083 en-

118 2114 299 2187 aqeiramus
307 2112 489 2171 ordinemnon
499 2122 662 2185 tenere‚quo
672 2113 706 2171 ad
717 2113 792 2171 illius
803 2114 946 2175 incliabitis
996 2115 1093 2187 pirent,
1108 2126 1231 2187 querant
1254 2116 1317 2183 tide,
1336 2117 1545 2187 speciositate
1567 2119 1685 2187 subnixi,
1700 2129 1796 2191 opterit

115 2203 300 2277 majestatis
320 2202 524 2275 isteilipentiam
548 2205 717 2273 pervenitur,
742 2220 791 2261 oro
811 2221 880 2272 uos,
902 2207 945 2263 in·
997 2208 1220 2281 tranquillitatem
1242 2218 1327 2283 atque
1351 2221 1455 2267 certum
1483 2226 1593 2267 cursum
1619 2212 1717 2271 studiis
1735 2214 1796 2281 suis

112 2308 238 2365 quassa,
255 2294 295 2362 si,
308 2303 339 2350 ut
352 2292 442 2363 rideo,
456 2294 571 2351 muitum
581 2294 692 2367 diligitis
702 2295 836 2363 ordinem,
852 2311 946 2355 nemis
996 2299 1171 2372 omniumque
1194 2302 1343 2366 todorum,
1371 2312 1398 2359 et
1419 2302 1471 2359 sibi
1499 2304 1653 2375 quibusque
1680 2313 1795 2375 possunt

126 2397 339 2461 pmmsnrm
357 2396 385 2443 ct
399 2386 568 2473 inordinatos
587 2402 648 2445 esse
671 2389 822 2459 putiamini.
846 2389 946 2459 Quant-
997 2400 1119 2447 mentem
1135 2391 1232 2447 bunum
1250 2402 1429 2463 pacatamque
1442 2396 1534 2451 uitam.
1554 2395 1681 2465 Sequitur
1700 2408 1730 2457 ut
1751 2396 1794 2465 di·¹

111 2498 226 2554 quarm
247 2480 325 2539 οιίιο
344 2478 529 2539 occultissima
552 2480 622 2537 ratio
643 2494 674 2535 se
700 2479 947 2537 demonstraturam
996 2497 1055 2537 cans
1080 2482 1216 2553 quomodo
1240 2484 1355 2538 studiosi
1371 2485 1471 2541 erudiri
1492 2486 1620 2555 debeant,
1643 2489 1700 2555 qui,
1722 2488 1796 2563 deut

113 2574 311 2647 polliceatur
328 2570 396 2631 nibli
424 2584 523 2645 pretet
535 2572 657 2631 diuinum
675 2573 798 2631 ordinem
815 2574 884 2641 lieri,
905 2582 948 2631 ta·
996 2574 1098 2628 dictum
1112 2584 1164 2643 cst,
1178 2576 1269 2631 sinere
1282 2574 1456 2631 instituerunt
1476 2577 1509 2632 ad
1532 2577 1703 2634 discendum.
1727 2578 1792 2634 lteru

111 2680 204 2725 nen
219 2665 246 2723 ai
260 2665 415 2736 qnempiam
435 2664 651 2736 ludimagistrum
669 2664 827 2723 audiremus
845 2681 947 2725 conau-
998 2666 1154 2720 necessario
1178 2665 1322 2734 dupliciter
1356 2666 1496 2734 ducimur,
1522 2669 1681 2724 auctoritate
1708 2676 1791 2740 atque

111 2769 203 2817 uem.
227 2756 331 2813 duem
353 2770 465 2828 puerunt
492 2756 610 2829 spiiabas
637 2771 717 2828 quem
742 2756 817 2827 prius
841 2757 947 2817 litteras
996 2758 1120 2824 ratlouee
1140 2768 1263 2829 temporo
1287 2761 1445 2828 auctoritas,
1470 2775 1501 2815 re
1523 2770 1612 2816 antcm
1627 2762 1696 2816 ratio
1719 2764 1793 2832 prior

112 2849 946 2921 mmodnenmssmondtmrtuenlrmtanqusnstuurn,
997 2860 1049 2906 cat.
1063 2850 1144 2906 atino
1164 2861 1207 2906 est
1226 2852 1298 2906 enirn
1321 2852 1394 2921 quod
1421 2852 1448 2906 in
1476 2852 1582 2924 spendo
1607 2856 1789 2923 anteponitur,

120 2946 191 3007 ned
211 2943 391 3001 vinciendum
411 2953 538 3015 tanquam
558 2942 691 3001 luriosuot
705 2952 944 3014 putaremus:non
997 2944 1068 2999 alirsd
1087 2944 1159 3013 qood
1181 2944 1266 3014 pluris
1289 2945 1317 2999 in
1336 2945 1489 3014 appetendo
1511 2945 1671 3001 estimatur.
1696 2945 1792 3017 itaqno

113 3040 169 3097 ott
188 3034 288 3104 aliod,
309 3034 415 3104 opinor,
430 3035 482 3093 nisi
508 3033 580 3105 quod
602 3034 719 3091 docendi
742 3034 865 3092 ordinem
889 3050 945 3092 non
998 3050 1151 3107 quanquam
1163 3035 1295 3092 bonorum
1315 3038 1461 3092 auctoritas
1480 3038 1610 3107 imperite
1625 3038 1791 3096 multinnlirl

114 3138 264 3193 teneret.
281 3126 316 3183 At
337 3126 420 3183 muln
433 3126 496 3181 talia
520 3135 549 3181 et
569 3126 709 3197 imperitos
731 3142 793 3196 qnae
816 3141 831 3184 a
857 3126 945 3182 doctis
958 3112 983 3176 G
996 3130 1121 3187 rideatur
1140 3144 1202 3186 esse
1225 3129 1369 3195 salubrior,
1395 3130 1541 3184 rariorem
1554 3129 1652 3195 aptior,
1677 3130 1793 3186 ernslitis

112 3219 384 3294 reprehendantur
393 3232 425 3274 ae
434 3217 617 3285 derideantur,
631 3226 659 3273 et
667 3218 808 3275 dementes
819 3217 945 3279 borsines
997 3232 1089 3278 umen
1102 3220 1178 3293 (quia
1190 3221 1280 3279 nultus
1294 3220 1431 3275 bominum
1448 3218 1501 3274 nisi
1523 3234 1556 3275 er
1580 3220 1705 3289 imperiae
1719 3224 1793 3290 pert.

111 3330 199 3389 qna
225 3326 284 3369 uec
305 3311 449 3367 stultorum
469 3309 603 3379 iudicium
625 3309 742 3380 lugiunt,
759 3310 945 3368 taceremne
999 3326 1043 3372 ins
1056 3316 1097 3383 itt,
1111 3313 1201 3370 nuilus
1213 3323 1304 3368 autem
1319 3312 1461 3381 imperitus
1471 3319 1548 3367 notrt
1557 3312 1663 3383 qualem
1684 3326 1716 3367 se
1739 3314 1790 3369 de-

110 3403 272 3473 ambigis,
292 3408 322 3457 et
339 3408 430 3457 tanen
448 3400 532 3458 etiam
556 3402 608 3457 ista
631 3401 721 3458 omitia
745 3417 805 3472 qnae
829 3401 945 3458 latemur
996 3407 1060 3463 best
1074 3406 1197 3476 prebere
1209 3404 1382 3469 domatibus,
1396 3412 1422 3458 ct
1435 3402 1508 3473 quali
1523 3404 1577 3459 rita
1589 3419 1653 3460 esse
1665 3405 1792 3463 docibilia

109 3510 199 3553 esse
218 3507 366 3561 perversa,
381 3508 436 3548 non
457 3504 520 3548 ease
545 3498 644 3561 prater
664 3491 785 3549 diuinum
809 3493 944 3551 ordinem.
997 3500 1093 3571 possit)
1114 3498 1204 3554 ereoit
1228 3506 1261 3553 ut
1281 3497 1408 3553 ornnibns
1421 3497 1491 3552 bona
1521 3511 1617 3567 maqna
1637 3508 1666 3555 et
1685 3499 1791 3555 occulta

106 3590 197 3649 Aias
215 3584 590 3657 quaisnetenutumdtms
604 3584 945 3655 reisuspieitmeremotis·
995 3593 1102 3651 dissere
1125 3592 1297 3662 cupientibus
1322 3606 1375 3647 non
1390 3593 1495 3661 aperiat
1509 3592 1562 3653 nisi
1581 3593 1728 3649 anetmitas
1746 3594 1793 3665 is·

105 3687 206 3745 :insa
223 3679 384 3750 disciplina.
399 3694 431 3737 se
444 3677 479 3733 ita
494 3677 635 3745 studiosis,
650 3688 678 3733 et
692 3678 774 3735 ileum
786 3687 868 3749 atqrm
881 3678 944 3736 ani·
995 3699 1088 3749 uuam,
1100 3698 1181 3755 qoam
1195 3683 1311 3754 quisque
1325 3683 1471 3753 inpressos,
1482 3683 1542 3739 sine
1555 3684 1610 3737 rrila
1622 3683 1791 3741 dubitatione

109 3790 196 3833 erres
217 3780 331 3827 tantum
345 3769 498 3827 amantibus
511 3770 621 3837 anisnis,
633 3769 864 3825 marrilestatnram
880 3784 945 3829 ests
996 3776 1060 3831 rite
1073 3776 1183 3844 optimae
1197 3782 1330 3844 precepta
1344 3780 1472 3838 semasor,
1484 3788 1533 3843 per
1542 3789 1613 3844 quas,
1624 3789 1686 3831 curn
1696 3774 1792 3835 deuiis

105 3864 298 3935 promittit,
313 3872 344 3919 ot
355 3878 410 3927 perp
426 3864 505 3919 nobis
518 3878 632 3919 summae
645 3878 818 3919 numerorum
840 3864 945 3935 possint
994 3864 1081 3922 lactus
1094 3864 1185 3933 luerit,
1202 3873 1258 3918 tunt
1282 3862 1389 3918 demum
1409 3862 1497 3917 discet
1523 3872 1551 3919 et
1566 3873 1664 3932 quanta
1686 3865 1791 3922 ratione

105 3972 197 4017 esse
207 3955 360 4013 certiores.
372 3954 437 4013 tiee
446 3964 535 4013 anum
545 3953 689 4025 disciplina
705 3955 762 4024 ipsa
776 3955 822 4010 liei
835 3954 877 4011 ies
889 3962 943 4026 esi,
995 3957 1109 4027 predita
1127 3956 1183 4012 siut
1196 3970 1228 4012 ea
1244 3955 1300 4017 ipsa
1314 3968 1376 4022 qnae
1388 3965 1496 4009 secutus
1508 3963 1549 4010 est
1565 3965 1629 4015 autc
1644 3956 1788 4022 sermnem,

103 4064 196 4127 quae
210 4046 292 4119 apud
305 4046 472 4103 eontinet
485 4046 764 4115 inconcussasemper
777 4046 943 4115 manens,iu
993 4059 1022 4107 et
1035 4048 1100 4119 quid
1115 4048 1151 4104 sit
1166 4048 1224 4118 lpse
1245 4051 1323 4113 ratio,
1340 4060 1403 4116 qne
1416 4044 1520 4120 [quum]
1542 4053 1602 4115 pinu
1621 4046 1791 4103 enormitatis

100 4147 286 4215 sapientes
309 4138 415 4195 animas
435 4139 513 4210 quasi
534 4138 740 4205 transcribitur,
760 4147 791 4193 nt
813 4147 888 4195 taum
912 4152 944 4196 se
993 4138 1126 4195 cunabula
1139 4137 1233 4194 iirmus
1247 4145 1276 4194 et
1288 4137 1401 4193 idonens
1414 4136 1470 4208 ianr
1484 4137 1608 4206 seqnitur
1620 4147 1703 4208 atone
1713 4152 1790 4193 eorn-

97 4240 232 4297 teiant
256 4236 352 4293 risere
363 4234 478 4299 melius,
492 4240 619 4305 tantoque
630 4232 784 4299 sublimius,
799 4240 900 4303 quanta
914 4241 944 4288 et
995 4228 1149 4301 prebendis.
1165 4228 1199 4285 iit
1210 4228 1274 4300 qnid
1284 4228 1439 4285 intellectus
1455 4230 1482 4283 in
1493 4242 1548 4298 quo
1567 4228 1693 4287 uniuersa
1714 4237 1788 4294 suut,

99 4328 296 4397 persecutns
313 4340 375 4385 nm
395 4326 614 4397 conternpiantur
634 4326 819 4397 interipsum,
848 4334 877 4383 et
899 4341 942 4381 rr·
992 4322 1036 4377 rel
1058 4322 1117 4391 ipse
1131 4320 1220 4389 potins
1241 4320 1382 4385 unireraa,
1404 4328 1435 4377 st
1453 4319 1520 4390 quid
1544 4329 1643 4391 preter
1664 4320 1790 4377 urrirscsa

97 4421 232 4483 werdo
244 4418 404 4477 eustesium
423 4418 588 4490 usurpemus.
609 4418 673 4477 ttae
694 4418 774 4489 igitur
797 4418 941 4490 sintenes
993 4411 1179 4468 universorum
1195 4409 1377 4480 reincipiunt
1393 4407 1434 4465 il
1454 4423 1535 4479 orsu
1559 4410 1739 4481 comittem·
1759 4410 1791 4469 n

107 4516 176 4573 ees
192 4510 249 4583 qm
263 4510 339 4569 trum
352 4509 603 4567 rueretrueret
615 4509 696 4566 simu
709 4508 846 4583 rensuum
868 4509 941 4567 erur-
956 4488 1045 4561 Duae
1061 4504 1117 4560 rna
1136 4501 1281 4574 pervenire
1305 4502 1473 4577 tenerent
1497 4502 1586 4573 rarsi.
1613 4502 1686 4560 ntea
1705 4518 1790 4573 nun

103 4618 202 4667 nesus
214 4602 299 4674 sequi
320 4602 408 4671 iubet,
420 4603 499 4670 euim
510 4616 563 4659 una
580 4615 642 4671 pars
656 4602 731 4666 ritae,
745 4601 829 4657 altera
851 4602 942 4661 ertsdi.
993 4611 1059 4653 sero
1069 4595 1151 4652 esiam
1166 4604 1227 4667 post
1242 4594 1313 4650 itane
1333 4593 1416 4650 sitam
1429 4608 1511 4649 nemo
1535 4594 1660 4665 progredi
1686 4604 1788 4663 potsst.

103 4698 226 4757 tionis
241 4702 298 4751 est.
308 4692 537 4751 mieeeerstiisus
549 4707 615 4763 erpo
624 4692 754 4749 studiosis
765 4693 824 4764 ejus
842 4694 878 4749 ita
901 4694 941 4751 ri-
993 4690 1044 4756 Qni
1057 4698 1150 4745 autem
1162 4689 1220 4744 sola
1241 4686 1405 4742 anctoritate
1426 4685 1658 4752 contemtionis
1682 4696 1789 4747 tauteus

100 4788 263 4847 vesrdnns
275 4785 396 4859 west,
414 4792 444 4841 nt
462 4798 478 4839 a
500 4786 623 4841 venereis
644 4783 736 4851 rebus,
751 4784 786 4839 ab
806 4785 940 4843 illecebris
992 4777 1114 4835 osoribus
1133 4778 1267 4848 rectisque
1280 4776 1350 4832 rotis
1362 4784 1517 4833 constanter
1525 4790 1637 4845 operam
1649 4776 1789 4845 menna.

108 4878 249 4943 vasaria
260 4878 428 4947 urnuurls,
438 4880 474 4934 ab
493 4874 656 4933 irrsnodeero
678 4875 800 4944 eorporis
818 4876 891 4932 curru
910 4883 939 4933 ee
993 4880 1039 4925 aut
1051 4878 1267 4931 contemnentes,
1282 4875 1396 4921 autuou
1411 4864 1532 4923 valentes
1551 4864 1701 4936 disciplinis
1715 4869 1787 4925 libs·

112 4980 255 5038 unare,
280 4968 317 5023 ab
340 4966 467 5023 nurture
490 4966 605 5037 semeriis
627 4966 761 5035 ludorum,
786 4981 802 5021 a
830 4976 940 5037 torpore
992 4961 1094 5015 fellisti·
1114 4969 1196 5027 atque
1215 4955 1325 5026 ⁰ii¹i¹¹¹i⁸
1339 4954 1451 5021 θΝιΙὶιί,
1474 4955 1570 5017 buton
1590 4973 1640 5015 eos
1663 4960 1785 5031 quidest,

119 5057 232 5121 somni
246 5068 330 5128 atque
348 5058 473 5130 pipritie,
486 5056 522 5113 ab
535 5056 718 5123 aemulatione,
730 5056 938 5125 obtrectatione,
990 5066 1052 5107 cum
1066 5052 1136 5107 inter
1146 5047 1270 5105 bomirses
1283 5048 1786 5123 rivunsnesctuqmnedoappettem,

121 5148 304 5215 incidentia,
316 5151 351 5205 ab
361 5149 493 5205 bonorum
505 5157 723 5221 potestatumque
734 5146 945 5223 ambitionibus,
990 5155 1079 5199 tamen
1094 5142 1253 5199 inconeussa
1270 5138 1365 5204 credo,
1385 5155 1448 5197 mor
1470 5149 1502 5199 ιιι
1523 5140 1574 5197 boc
1593 5156 1694 5211 eorpus
1721 5142 1785 5199 reii-

132 5246 169 5301 ab
199 5239 796 5315 ipsiusetismiaudisimmodicacupiditate
815 5252 846 5295 se
861 5239 941 5295 abati·
989 5236 1107 5305 qiu-rim,
1124 5247 1173 5289 sas
1191 5234 1237 5301 qui
1260 5232 1331 5289 bene
1352 5232 1438 5302 maris
1453 5231 1576 5289 mirrnsse
1596 5233 1729 5296 tiratuitl·
1750 5246 1786 5289 ιθ

134 5345 236 5393 usant.
249 5336 480 5391 inoremaotem
495 5333 616 5404 pecuniae
639 5333 721 5387 totius
744 5331 785 5387 sui
800 5330 858 5402 spei
878 5345 938 5386 cer·
990 5328 1093 5383 iacilins
1106 5336 1154 5382 aot
1168 5325 1307 5382 diiiiciiins
1321 5325 1444 5381 liberari.
1456 5324 1611 5379 Auctoritas
1624 5335 1714 5381 autera
1722 5338 1785 5394 par·

140 5431 280 5486 tissimum
298 5440 433 5482 mnenutn
443 5438 507 5483 esse
520 5424 643 5481 credent.
657 5423 729 5479 iiilrii
748 5420 938 5479 snerriteria·
988 5421 1035 5474 tim
1058 5418 1147 5473 ditium
1172 5429 1227 5486 est,
1250 5418 1348 5487 partim
1371 5418 1503 5478 buntsna;
1526 5416 1783 5487 noseredinus,

143 5520 224 5585 unns,
242 5516 468 5585 oiirilaudaeter;
484 5515 643 5587 inpeccatis
662 5523 751 5571 autem
765 5530 876 5571 suorum
894 5517 936 5569 rei
987 5528 1092 5567 stimma
1106 5526 1139 5569 ea
1154 5520 1213 5577 est,
1228 5525 1290 5582 qne
1302 5509 1393 5566 diuina
1413 5509 1580 5563 nrrmisasnr.
1603 5507 1631 5563 in
1653 5524 1707 5577 qua
1727 5524 1786 5565 nse·

145 5616 246 5681 pellant
263 5613 375 5667 omnino
396 5613 474 5680 iram,
496 5612 538 5666 rei
554 5613 589 5665 ita
605 5612 724 5677 irenem,
749 5618 778 5665 ut
799 5610 834 5665 sit
853 5608 936 5678 pulsm
990 5605 1088 5659 trientis
1111 5611 1156 5659 est
1169 5602 1307 5658 aeriorum
1327 5598 1485 5654 animalium
1506 5600 1574 5654 mira
1594 5597 1708 5666 iaiiaca‘a,
1723 5616 1785 5672 qna

146 5704 258 5768 similis;
271 5702 407 5759 nerstlnem
421 5702 538 5768 oderint,
553 5700 626 5755 nulia
642 5702 704 5755 uitia
717 5716 771 5754 non
784 5713 880 5755 curare
893 5712 938 5755 ue·
989 5714 1037 5767 per
1054 5712 1144 5751 snum
1168 5697 1202 5749 su
1230 5696 1300 5749 istos
1324 5706 1422 5749 sensns
1445 5693 1568 5759 eorporis
1593 5696 1786 5761 perducenti-nn

145 5782 535 5867 irrt.!iunopsreobserrrnt
548 5791 764 5860 cumriudieam,
779 5790 942 5847 nonirriam·
988 5788 1118 5859 <pastam
1134 5782 1321 5843 diuinatianes
1340 5782 1538 5856 nusdisspss
1552 5788 1693 5857 οοιοοιιοο
1715 5788 1787 5845 teo
