3816 6112
135 320 186 383 “5
378 390 380 393 ,
626 323 761 387 CONTRA
781 331 976 392 PdlellllUll
995 336 1149 395 thldNUll
1168 337 1232 395 ltu.
1252 339 1273 395 l.
1697 351 1750 411 ttd

136 445 191 500 rari
202 443 347 514 Palladios,
360 442 403 512 otri
414 443 469 514 iam
485 442 636 514 trequentes
646 448 841 515 damnatusest.
851 448 911 521 lero
926 454 1039 522 Aperte
1052 462 1217 522 exceptores.
1232 454 1288 511 Non
1308 457 1417 526 potestis
1439 472 1499 517 esse
1520 460 1624 532 judices
1635 477 1657 518 sr
1673 469 1748 520 audi·

134 533 271 604 epistolam
285 532 353 596 Arii,
368 546 446 604 qnam
462 532 508 589 ille
526 536 612 591 noluit
627 537 816 596 condemnare.
832 537 916 595 Prod·
965 549 1037 597 tores
1048 556 1100 596 non
1112 540 1282 600 habuerimus
1294 561 1301 611 ;
1315 548 1401 603 etnisi
1414 563 1446 605 ex
1455 559 1566 622 utraque
1580 560 1656 622 parte
1669 568 1749 608 rene·

136 624 225 679 lentini
237 622 307 693 quod
318 622 393 678 tobit
404 622 519 680 videtur.
963 631 1019 686 rint
1032 631 1078 700 qui
1092 631 1209 699 audiant,
1224 648 1276 690 non
1289 637 1365 692 robis
1379 639 1581 708 respondemus.

170 713 263 767 Omnes
277 712 389 782 episcopi
407 711 523 767 dicerunt
540 711 686 784 :Legatum
999 721 1147 777 Ambrosius
1168 723 1300 795 episcopos
1321 726 1385 781 dieii
1409 743 1419 782 .·
1439 729 1511 795 Quos
1528 729 1649 799 queritis
1674 729 1749 784 audi·

168 801 202 856 lit
214 804 320 857 redacto
339 808 377 857 est
392 817 401 856 :
414 800 488 858 Naro
500 817 588 858 sures
601 816 652 859 nore
665 817 808 875 reserere,
828 813 856 863 et
868 820 913 863 re-
964 810 1054 867 teresi

134 895 216 966 liqna.
1000 897 1138 953 Palladius
1151 897 1217 954 dicit
1231 915 1241 954 .·
1253 899 1321 957 Sunt
1331 901 1374 957 hic
1384 903 1507 959 honorati
1520 904 1605 959 multi.

165 984 315 1040 wiredus
338 985 712 1058 episcopusdixitsllespondi
734 987 780 1044 tibi
796 988 831 1045 de
856 1003 914 1044 roa·
1001 987 1113 1044 Selinus
1137 990 1267 1060 episcopus
1293 989 1387 1044 diste:
1419 991 1483 1046 Post
1506 1000 1545 1049 tot
1569 993 1749 1064 blasphemias

133 1075 199 1146 lore,
213 1075 340 1147 respondi
366 1077 413 1133 tibi
433 1086 461 1133 et
481 1078 516 1135 de
527 1080 659 1149 subjecto,
673 1094 743 1135 nunc
760 1090 787 1136 et
802 1081 858 1152 ipse
872 1095 915 1137 rc·
963 1076 1098 1134 auditores
1107 1077 1193 1148 petisi

133 1166 245 1237 sponde.
974 1164 976 1171 ’
999 1171 1149 1225 Ambrosius
1169 1171 1302 1243 epscopus
1327 1171 1392 1227 dieis
1412 1172 1595 1230 :Sacerdotes
1615 1174 1649 1230 de
1674 1173 1748 1230 laicis

166 1253 303 1312 Palladios
329 1256 417 1313 disits
436 1257 494 1314 lion
515 1256 692 1330 respondebo,
716 1260 767 1316 uisi
792 1267 914 1316 auctores
961 1260 1082 1332 judicare
1091 1259 1199 1328 debent,
1214 1278 1267 1318 non
1278 1262 1338 1318 laici
1347 1263 1381 1320 de
1391 1263 1648 1332 sacerdotibus3sed
1659 1276 1747 1323 tamen

110 1419 116 1430 Ι
133 1349 238 1405 reniam
252 1357 314 1419 post
325 1349 486 1406 dominicam
501 1350 582 1407 diem.
963 1367 1030 1423 quos
1043 1353 1145 1421 judices
1156 1360 1228 1422 petas
1237 1353 1327 1410 dicito.

165 1438 313 1496 Ambrosius
321 1443 451 1513 episcopos
461 1442 545 1521 dicit:
559 1442 675 1501 veneras
686 1452 858 1511 tractaturus,
866 1444 914 1502 scd
1000 1444 1139 1500 Potiedise
1152 1445 1216 1499 dicit
1230 1461 1240 1499 .·
1252 1443 1393 1501 Auditoree
1404 1446 1519 1502 reniam.

134 1539 305 1603 posteaquam
322 1533 409 1604 objeci
425 1533 483 1603 titt,
500 1534 588 1590 vidisti
600 1536 658 1592 Arii
672 1537 821 1607 epistolam,
835 1552 913 1607 quam
1000 1533 1161 1589 Giromotius
1183 1535 1311 1605 presbyter
1334 1535 1400 1589 dicit
1411 1550 1421 1588 .·
1432 1535 1510 1590 Salva
1529 1534 1749 1593 condemnatione

133 1620 259 1676 dammre
269 1622 387 1690 notuisti,
402 1635 523 1680 asserere
534 1636 622 1678 autem
635 1639 688 1679 nou
703 1633 799 1696 potes:
816 1624 916 1682 idcirco
964 1626 1134 1696 sacerdotali,
1146 1627 1248 1697 quinet
1259 1625 1305 1697 qul
1318 1625 1428 1695 Palladii
1447 1635 1510 1682 sunt
1535 1628 1614 1684 ctiam
1630 1629 1656 1683 in
1670 1628 1748 1698 pleno

133 1728 203 1769 nunc
215 1713 315 1786 reiums
330 1724 356 1771 et
373 1713 515 1771 cavillaris.
531 1715 652 1772 Plenarie
675 1715 759 1785 ipsam
780 1718 888 1772 recitato
905 1732 913 1770 ε
966 1717 1099 1787 legemur.

133 1803 165 1858 ad
178 1803 282 1876 singula
293 1804 345 1859 dic.
359 1803 452 1860 litrnm
478 1805 599 1860 chrisme
613 1813 719 1860 creatus
731 1805 861 1872 rideatur,
880 1819 914 1862 au
929 1792 954 1854 Β
1000 1806 1138 1862 Palladius
1151 1807 1215 1861 dicit
1226 1822 1236 1860 .·
1249 1806 1307 1862 Non
1318 1809 1506 1877 permittantur
1516 1807 1587 1878 loqrti
1600 1808 1747 1873 auditores.

133 1893 183 1949 luit
194 1895 303 1965 quaudo
322 1909 375 1951 non
393 1894 442 1952 luit
454 1893 584 1962 Christus,
599 1911 634 1952 an
648 1911 713 1953 rero
737 1911 844 1967 semper
866 1896 915 1953 luit
964 1899 1072 1955 reniam
1087 1909 1156 1955 etex
1171 1907 1283 1969 utraque
1297 1908 1372 1968 parte
1383 1909 1552 1969 exceptores,
1564 1906 1592 1954 et
1603 1899 1748 1969 responde·

134 1985 285 2056 unigenitus
299 1987 345 2044 liei
362 1988 454 2044 Filius.
469 1989 536 2046 llum
549 1989 605 2047 Arii
625 1991 765 2058 epistolam
786 1991 914 2059 audieris,
965 1988 1032 2043 bunt
1043 1987 1119 2042 robis
1132 1987 1159 2042 hi
1175 1988 1201 2042 in
1215 1987 1328 2043 coneilio
1340 1987 1468 2059 generali.

134 2087 176 2132 aut
187 2076 296 2146 damna,
306 2087 351 2133 aut
367 2078 459 2145 prona.
1000 2081 1145 2135 Ambrosius
1165 2080 1296 2152 episcopus
1310 2080 1375 2135 dicit
1390 2095 1400 2136 .·
1413 2080 1470 2135 Etsi
1482 2081 1508 2135 in
1523 2079 1612 2135 multis
1626 2079 1748 2149 impieta·

166 2166 305 2225 Palladius
328 2170 418 2225 dicit:
443 2168 511 2227 Cum
535 2169 678 2241 impietatis
699 2179 725 2228 te
739 2186 862 2243 arguam,
888 2179 915 2228 te
965 2171 1034 2228 tibris
1046 2171 1227 2241 deprehensus
1241 2171 1285 2240 sit,
1296 2171 1478 2227 erubescimus
1500 2178 1588 2228 tamen
1609 2178 1639 2225 ut
1655 2168 1747 2225 ridea-

135 2256 218 2328 iudiee
228 2274 282 2313 nun
293 2267 362 2317 utor.
372 2259 613 2332 Transgressorcs.
965 2269 1008 2316 tur
1021 2262 1099 2333 501
1114 2262 1158 2332 qui
1173 2261 1349 2317 sacerdotium
1365 2261 1416 2316 sibi
1431 2260 1548 2316 vindicat
1571 2276 1586 2314 a
1602 2260 1677 2316 laicis
1688 2274 1748 2315 esse

167 2350 278 2407 Saltem
301 2352 431 2423 episcopus
458 2350 524 2406 dixit
536 2366 546 2407 .·
558 2349 629 2420 Quas
652 2351 802 2420 impietates
822 2349 915 2419 oblisis
964 2352 1114 2409 damnatus.
1128 2353 1166 2407 tto
1180 2366 1227 2422 per
1249 2351 1310 2416 hoe,
1322 2352 1446 2423 quoniam
1459 2361 1486 2407 et
1500 2353 1525 2406 in
1539 2351 1591 2406 hoc
1603 2353 1661 2422 ipso
1672 2351 1747 2406 dam·

137 2438 207 2498 iratri
222 2452 313 2498 nostro
327 2451 355 2498 et
369 2442 554 2499 consacerdoti
568 2442 709 2501 Ambrosio
721 2443 733 2498 i
745 2442 836 2502 dicito.
964 2444 1068 2502 nandus
1082 2452 1124 2501 est
1138 2443 1185 2511 qui
1204 2442 1331 2499 laicorum
1351 2451 1486 2510 exspectat
1504 2441 1672 2509 sententiam,
1687 2457 1747 2498 cum

168 2531 305 2588 Poltadtos
331 2533 488 2590 dieitsiam
512 2535 588 2591 robis
602 2535 656 2591 disi
673 2554 680 2589 ε
696 2536 779 2592 Pleno
800 2535 915 2593 concilio
964 2535 1049 2606 magis
1065 2533 1099 2590 de
1122 2532 1198 2590 laicis
1216 2533 1368 2589 sacerdotes
1388 2531 1502 2587 debcant
1519 2531 1652 2600 iudicare,
1671 2530 1747 2600 justa

137 2623 309 2694 respondebo,
319 2633 346 2682 et
360 2624 536 2697 presentibus
558 2628 720 2685 auctoribus.
965 2639 997 2682 ca
1019 2639 1079 2695 quae
1105 2623 1185 2681 hodie
1208 2622 1358 2679 audirimus
1386 2620 1533 2678 Palladium
1560 2619 1745 2689 profitentem,

167 2717 315 2771 Ambrosius
339 2717 470 2788 epscopus
497 2717 561 2773 dicit
582 2716 635 2773 :in
653 2732 780 2775 consessu
804 2718 915 2775 iratmm
964 2722 992 2771 et
1003 2714 1082 2785 iuxta
1095 2730 1127 2772 ea
1141 2730 1200 2787 quae
1212 2715 1393 2773 condemnare
1406 2715 1499 2785 noluit,
1515 2715 1659 2784 pronuntio
1673 2712 1746 2768 ilium

137 2807 337 2876 ncommcupto
346 2807 476 2863 confutari
490 2818 516 2864 et
527 2807 659 2879 redargui.
673 2809 824 2879 Quccigitur
835 2808 915 2879 impie
965 2804 1114 2861 sacerdotio
1128 2804 1265 2875 indignum
1279 2813 1306 2860 et
1316 2803 1462 2861 curandum
1476 2812 1507 2860 ut
1520 2805 1545 2860 iu
1558 2804 1617 2860 ioco
1631 2802 1688 2873 ejus
1702 2817 1746 2859 ca·
1824 2792 1832 2808 “

137 2893 256 2961 dixerim,
280 2895 371 2952 dicito.
393 2895 448 2954 Sed
470 2896 567 2970 impius
588 2897 636 2955 tibi
661 2900 761 2969 videor,
784 2900 829 2971 qui
856 2898 916 2972 pie·
966 2895 1080 2954 thelicus
1090 2895 1237 2952 ordinetur.

138 2993 213 3042 tatem
228 2995 328 3043 astruo.
1001 2986 1094 3042 Omnes
1107 2986 1216 3059 episcopi
1229 2987 1348 3042 dixerunt
1360 3003 1370 3042 .·
1382 2987 1532 3043 luatlrema
1547 2986 1674 3044 Palladio.

167 3077 280 3134 Sabinus
305 3080 436 3151 episcopm
457 3080 537 3153 500
560 3083 625 3138 dixit
637 3099 646 3137 .·
658 3083 728 3155 Ergo
756 3083 853 3154 impius
867 3081 914 3138 tilii
1000 3077 1145 3133 Ambrosius
1154 3078 1285 3149 episcopus
1303 3078 1391 3132 dixit:
1410 3078 1556 3147 imperator
1573 3076 1745 3133 clementissi·

137 3170 248 3238 ridetur,
265 3172 310 3242 qui
324 3173 381 3228 drii
395 3172 574 3244 blasphemias
589 3177 693 3247 arguit?
929 3153 953 3217 C
968 3181 1027 3223 mus
1045 3176 1073 3224 et
1085 3167 1250 3224 Christianus
1262 3167 1431 3224 sacerdotum
1444 3167 1543 3238 judicio
1557 3181 1663 3222 caumm
1679 3174 1701 3231 ¹,
1718 3174 1745 3221 et

168 3259 304 3317 Palladius
325 3263 391 3318 dieit
405 3279 416 3317 .·
432 3262 488 3335 Ego
510 3281 563 3321 non
587 3268 680 3338 negavi
699 3267 798 3325 penum
819 3267 915 3324 rmum
966 3264 996 3312 ut
1011 3257 1060 3328 ipsi
1071 3257 1163 3313 arbitri
1178 3265 1268 3313 essent
1279 3258 1459 3313 altercationis
1475 3259 1500 3312 in
1515 3257 1577 3328 quid
1591 3256 1745 3313 constituis-

137 3346 190 3408 llei.
966 3361 1067 3403 mmus.
1095 3347 1225 3413 Quoniam
1251 3346 1330 3415 igitur
1351 3347 1428 3404 nobis
1438 3346 1566 3417 judiciem
1584 3346 1745 3402 videturdc-

166 3444 314 3500 Ambrosius
338 3446 470 3518 eppeppm
491 3447 557 3503 dieat
572 3463 582 3502 ,-
596 3447 667 3505 picis
691 3463 755 3521 ergo
780 3449 913 3507 christum
963 3438 1057 3506 latum,
1073 3439 1203 3509 interpres
1221 3443 1261 3495 esl
1281 3438 1416 3512 Scriptura
1431 3457 1438 3494 t
1452 3440 1662 3507 condemnemus
1685 3437 1745 3493 Pal·

136 3528 212 3588 iteem
225 3533 344 3589 bonomi
364 3567 366 3570 <
963 3526 1072 3593 ladium‚
1089 3528 1133 3598 qui
1156 3529 1229 3599 impii
1244 3526 1301 3584 Arii
1316 3528 1401 3585 noluit
1426 3529 1555 3584 damnare
1576 3528 1745 3583 sententium.

164 3620 300 3678 Pottodise
312 3623 466 3680 celemion
477 3624 553 3682 sepis
564 3626 723 3696 respondeo,
962 3617 996 3673 lit
1021 3620 1081 3689 qnia
1109 3620 1167 3688 ipse
1191 3619 1237 3676 Dei
1262 3619 1358 3676 Filium
1380 3623 1582 3692 sempiternum,
1597 3630 1625 3676 et
1650 3627 1746 3676 catera

169 3709 319 3766 interiores
332 3712 465 3785 episeopus
479 3709 544 3769 dieii
557 3730 567 3770 .·
581 3715 668 3771 Nolite
681 3714 792 3770 muitum
803 3715 911 3785 adigere
961 3723 1020 3779 qum
1030 3710 1096 3765 actis
1112 3710 1224 3777 iterent,
1240 3711 1360 3781 negarit:
1377 3726 1441 3782 ergo
1455 3712 1594 3767 anatliema
1606 3711 1747 3768 habeatnr.

134 3794 283 3870 Palladium,
299 3817 352 3859 non
372 3812 459 3874 potest
478 3819 542 3861 sera
557 3815 647 3862 nostra
661 3806 815 3875 simpliciter
828 3806 911 3861 cond·
998 3802 1091 3857 (irenes
1115 3802 1225 3873 episcopi
1244 3802 1364 3857 dicerunt
1382 3818 1392 3857 .·
1411 3801 1510 3858 Omnes
1536 3801 1746 3857 condemnemus

135 3891 286 3963 tuiipsius
299 3894 369 3950 cuim
383 3895 546 3950 conscientia
562 3895 659 3965 duplici
673 3894 835 3965 blasphemia
847 3909 911 3950 con-
960 3906 1039 3948 eum:
1060 3892 1200 3947 anathema
1211 3891 1349 3947 habeatur.

134 3979 187 4036 insa
207 3991 258 4038 eet.
279 3983 374 4038 liama
393 3982 557 4040 Photinianis
578 3993 619 4040 est
634 3983 789 4052 ordinatus,
804 3995 830 4040 et
849 3998 910 4040 cum
995 3983 1144 4038 dmirosins
1170 3984 1302 4054 episcopus
1324 3983 1389 4038 dixit
1404 3998 1414 4038 .·
1427 3983 1557 4050 Quoniam
1570 3998 1663 4038 omnes
1677 3996 1743 4038 con-

134 4071 192 4141 ipsis
201 4079 243 4126 cst
255 4069 412 4139 damnatus3
427 4081 454 4128 et
469 4088 539 4128 nunc
552 4073 656 4143 plenius
669 4072 849 4130 damnabitur.
960 4074 1057 4130 sistunt
1077 4074 1128 4129 riri
1149 4073 1307 4139 Christiani,
1328 4084 1356 4131 et
1382 4076 1438 4132 lieo
1457 4074 1560 4144 probati
1580 4075 1694 4141 iratres,
1716 4083 1745 4130 et

162 4159 298 4217 Pottodiss
308 4162 395 4218 dicit:
410 4163 466 4221 iioc
478 4165 570 4233 proba.
959 4162 1165 4221 consacerdotes
1188 4163 1283 4232 nostri,
1299 4163 1370 4219 dicat
1393 4162 1573 4232 unusquisque
1598 4161 1668 4232 quod
1692 4162 1744 4217 sibi

164 4251 274 4308 Ssiirsss
287 4254 418 4326 episcopor
437 4257 502 4311 dicit
524 4273 534 4311 .·
555 4256 613 4313 lion
628 4257 705 4313 aliter
714 4265 817 4328 poterat
830 4256 913 4313 Chri·
959 4255 1074 4310 ridetur.

136 4349 196 4399 num
209 4359 303 4400 rerum
325 4361 434 4417 negare,
449 4348 500 4405 nisi
519 4359 641 4405 auctores
655 4364 719 4406 suos
739 4359 908 4421 sequeretur.
998 4343 1150 4399 Valerianus
1175 4343 1412 4415 episcopusdixit:
1434 4341 1497 4397 lliiri
1518 4341 1624 4411 quidem
1639 4340 1745 4398 ridetur

162 4433 307 4488 Ambrosius
318 4435 451 4507 episeopus
474 4437 558 4493 disis:
573 4437 697 4509 objecisti
718 4453 836 4496 neeesse
859 4440 908 4495 im·
959 4433 1021 4504 quia
1036 4434 1081 4503 qui
1095 4432 1186 4488 Arium
1200 4430 1330 4497 defendit,
1350 4432 1465 4488 Asianus
1478 4439 1520 4488 est
1536 4447 1543 4486 :
1560 4432 1606 4502 qui
1620 4431 1745 4502 blesphe-

135 4520 197 4589 pium
212 4543 218 4578 :
232 4527 285 4582 hoc
299 4525 392 4596 proba.
921 4507 1026 4578 Dmias
1047 4524 1131 4594 ipsius
1156 4538 1208 4579 non
1232 4522 1402 4591 condemnet,
1426 4524 1485 4592 ipse
1498 4521 1669 4590 blasphemus
1687 4531 1741 4578 est.
1771 4549 1773 4552 ·

164 4609 373 4671 carnetensis
388 4617 609 4689 :dipositionem
629 4627 746 4676 nostram
760 4609 907 4677 aderimus.
958 4615 1073 4686 ideoque
1090 4614 1242 4685 huiusmodi
1267 4615 1401 4671 hominem
1420 4615 1557 4670 consortio
1575 4614 1743 4670 sacerdotnm

134 4699 191 4757 Gom
201 4704 379 4774 attulerimus,
390 4714 453 4763 tunc
463 4708 607 4778 disputatio
617 4708 766 4765 habebitur.
958 4721 1055 4763 censeo
1068 4722 1128 4763 esse
1142 4705 1269 4762 alienum.

162 4793 307 4852 dnirosiss
319 4799 450 4868 episcopas
461 4800 654 4856 dicitrllamna
668 4801 829 4871 impietatem
840 4799 906 4855 Arii.
993 4798 1127 4854 Palladius
1141 4797 1206 4852 dieis
1216 4814 1226 4853 .·
1237 4799 1358 4868 coepistis
1368 4799 1479 4857 luderet
1489 4800 1573 4860 ludite
1588 4821 1596 4863 ι
1610 4805 1669 4861 sinc
1678 4818 1742 4862 con·

161 4886 225 4943 Com
239 4890 352 4945 reticeret
371 4889 516 4956 Palladius,
533 4890 657 4947 Eusebius
676 4892 907 4963 episcopusdixit:
958 4889 1020 4945 cilio
1032 4888 1159 4945 Orientali
1173 4889 1248 4945 vobis
1262 4904 1315 4946 uon
1327 4886 1530 4960 respondemus.

132 4973 273 5048 superfluis
287 4979 469 5035 immoramur.
478 4979 530 5034 Tot
551 4978 698 5050 impietates
708 4981 764 5035 deii
774 4980 908 5036 Palladius
996 4999 1115 5055 pamm
1138 5001 1270 5071 φὴωρη,
1293 5000 1439 5058 sppmpmp,
1465 5005 1531 5059 din-3
1553 5020 1563 5059 :
1586 5004 1743 5078 Quicunque

131 5068 412 5136 ''⁰¹¹¹“0011d‘mn2102
430 5070 484 5126 5⁰¹⁰
496 5071 583 5141 potius
607 5071 750 5127 milend‘l
770 5071 908 5129 ⁰⁰¹¹s⁰⁵⁸¹¹⁸
960 5091 1076 5147 haereses
1086 5091 1196 5147 aniame
1211 5106 1264 5148 non
1275 5092 1445 5163 condemnat,
1460 5095 1575 5152 Arianos
1584 5097 1739 5151 sitnecesse

131 5172 177 5219 ⁸⁵¹·
191 5163 267 5219 ΗΜ
278 5163 322 5233 Ψῑῑ
338 5179 390 5219 '¹0¹¹
404 5164 520 5228 damnat.
535 5164 629 5221 iimffii
651 5163 720 5220 ”fiili
733 5171 784 5229 0⁸¹·
805 5172 833 5219 ⁰²
852 5164 908 5222 ¹¹2·
958 5190 1010 5238 cst.
1025 5183 1100 5238 llunc
1110 5182 1191 5252 igitur
1200 5182 1314 5240 alienum
1327 5185 1407 5240 etiam
1418 5200 1433 5239 tt
1443 5193 1534 5241 nostra
1554 5184 1741 5240 communione

129 5252 226 5308 ’Μ’
239 5251 297 5320 1⁰¹⁰
308 5251 436 5309 ffioenffl
446 5261 496 5309 ⁰⁸⁸·
959 5279 985 5328 et
999 5271 1157 5327 sacerdotali
1177 5280 1247 5328 ooetu
1261 5272 1349 5329 denuo
1363 5274 1493 5344 privatum
1514 5287 1574 5328 esse
1588 5284 1738 5327 censemus.

163 5345 257 5398 Omnes
284 5344 394 5414 episcopi
410 5344 527 5398 dicerunt
537 5357 547 5397 .·
559 5340 582 5396 l
596 5341 674 5398 nobis
692 5340 816 5396 omnibus
842 5356 907 5397 sns-

129 5433 214 5489 tbema
229 5434 264 5489 sit
279 5433 408 5490 Palladio.

993 5382 1672 5459 Corsstontiusepiscopusdruusicstedisitrpalladium
1682 5385 1739 5440 erit

958 5476 1126 5548 discipulum,
1138 5479 1214 5549 cuius
1227 5481 1377 5550 impietates
1387 5479 1443 5549 jam
1456 5477 1519 5531 oiim
1533 5476 1665 5532 damnatae
1678 5485 1741 5534 sunt

128 5544 457 5705 legtsszrffgffiffim
480 5543 545 5598 Μ’
557 5559 567 5598 ·’
578 5541 729 5614 minimi*
755 5550 784 5597 ¹¹¹
810 5545 907 5599 ΜΨ
957 5567 1103 5639 epatribne
1116 5571 1213 5626 nostris
1228 5570 1255 5625 in
1275 5569 1388 5626 concilio
1400 5568 1518 5638 tttcaeno,
1529 5574 1557 5624 et
1574 5565 1740 5628 nunciandis

163 5723 470 5788 ceramussense
482 5726 740 5800 acutissimorum
752 5741 785 5785 es
797 5734 907 5799 utnnoe
994 5731 1095 5789 euocet
1109 5731 1233 5802 persists.
