3774 6120
178 331 247 386 teis
711 322 743 377 1).
763 317 920 378 edctrutt
942 315 1087 373 leuatis
1106 315 1268 373 artttcuu't
1741 312 1807 370 tusi

179 461 204 498 ru
224 454 321 511 corpus
337 438 473 510 proprium
500 442 600 505 procat.
620 432 686 499 Quia
702 432 724 487 si
739 447 791 486 uon
818 431 1000 486 fornicatura
1017 428 1153 484 muudoel
1164 427 1298 484 alienatur
1320 441 1335 481 a
1350 426 1419 483 ileo:
1433 427 1505 495 guod
1521 434 1574 492 est,
1591 425 1737 482 ottietnn
1750 435 1807 484 est:

181 536 268 588 anima
295 533 423 593 ftntuana,
447 524 609 582 adlrmrcudo
636 523 702 591 uon,
731 537 781 578 uec
805 517 969 575 adherendo
1021 518 1125 575 Initium
1142 521 1274 591 superbias
1289 520 1567 591 laomiuisapostatare
1582 520 1687 586 aileo;
1704 531 1808 590 propter

180 623 289 683 nrnodo,
306 633 469 690 quseurnpne
493 617 543 671 alin
569 623 688 685 peccata,
713 628 728 668 a
754 609 968 679 corrcupiseentiu
1022 613 1091 679 quood
1108 609 1242 679 generalis
1256 609 1443 665 fornicationis
1457 610 1610 666 carendum
1633 609 1736 664 maium
1750 610 1810 666 bes·

179 715 279 770 eartradi
301 726 408 782 prorsus
424 709 529 774 aliena,
546 708 664 778 potuerit
688 722 737 778 pro
756 707 812 776 ipsa
830 703 971 772 fragilitate

179 803 361 867 mortaiitatis,
379 804 419 856 ref
436 802 595 872 ignorando,
607 798 831 869 telategligeudo,
845 797 885 850 uel
902 794 971 848 obli·

179 896 315 960 aiserndo,
332 895 373 950 sel
388 909 440 949 trun
456 894 630 965 intclligendo
642 893 723 948 ltotue
748 891 897 955 inmittere,
914 888 966 943 fauo

178 988 294 1059 sitquod
310 988 409 1042 dictum
436 995 500 1042 est:
519 985 605 1041 Omne
630 991 766 1054 peccatum
794 981 973 1054 quodcunque

179 1079 273 1136 lecerit
287 1079 385 1144 laomor,
402 1086 477 1134 extra
492 1086 637 1145 cnrpusest
652 1076 733 1146 spuis
745 1075 844 1129 nullum
855 1072 898 1128 bic
911 1087 972 1126 cor·

147 1168 150 1174 ’
181 1171 337 1242 pandisset
361 1168 517 1238 terupuralis
531 1166 758 1236 concupiscentias
773 1174 911 1234 peecatum
927 1175 974 1229 po·

181 1261 245 1317 terit
260 1261 370 1330 reperiri
389 1277 396 1314 :
414 1258 484 1313 uude
498 1258 593 1312 merito
609 1267 684 1312 ostra
700 1270 797 1325 corpus
817 1268 878 1309 esse
889 1252 974 1322 ‹praud-

184 1350 246 1406 libct
262 1352 315 1407 talc
331 1362 469 1423 peccatum
484 1349 536 1403 dici
560 1348 675 1403 ridetur.
692 1347 805 1415 Quodsi
832 1346 974 1401 adherens

181 1442 281 1496 rtrttudo
308 1439 459 1494 ntrrndanus
486 1439 589 1507 iromo,
615 1438 694 1507 louge
720 1452 750 1493 se
774 1436 876 1492 facita
905 1435 974 1499 ileo,

181 1533 342 1589 fornicando
357 1533 391 1587 ab
415 1532 474 1603 ipso
496 1532 561 1598 Deo,
587 1531 614 1585 in
638 1545 737 1600 corpus
759 1530 895 1601 proprium
911 1541 975 1596 pec·

182 1637 236 1692 cat,
255 1627 316 1696 quia
335 1625 468 1694 corporali
482 1623 709 1693 eoncupiscentia,
735 1624 761 1678 itt
777 1637 889 1693 queque
904 1631 975 1677 terra-

184 1719 285 1787 poraiia
299 1726 326 1771 et
340 1716 467 1781 carnalia,
492 1716 592 1770 carnali
619 1729 699 1770 seusu
720 1723 749 1770 et
771 1714 910 1785 prodentia
926 1714 975 1769 ltu·

1023 711 1065 755 tus
1078 700 1196 757 loannes
1206 702 1332 759 admouet
1340 701 1543 760 dicensrllolite
1551 702 1665 772 diligere
1677 701 1812 769 mundum,

1023 807 1111 862 neque
1124 807 1156 848 ea
1165 802 1294 863 quaeunt
1305 793 1332 849 iu
1343 794 1455 859 mundo,
1467 795 1594 865 quoniam
1607 810 1667 866 quae
1677 795 1705 849 io
1717 795 1813 850 mundo

1023 894 1102 948 suut,
1118 885 1334 955 coucupiscentia
1363 888 1453 942 earnis
1474 896 1526 953 est,
1551 895 1579 943 et
1598 888 1813 958 eoncupiscentia

1023 974 1174 1041 oculorum,
1194 985 1221 1030 et
1235 974 1347 1031 ambitio
1362 976 1425 1031 ritae
1447 976 1550 1044 secuti,
1566 992 1628 1046 qne
1656 991 1712 1030 raon
1730 985 1814 1032 estex

1024 1067 1115 1132 Patre,
1131 1067 1178 1123 sed
1191 1083 1224 1123 ex
1238 1067 1354 1134 muudo;
1370 1079 1397 1124 et
1412 1069 1526 1124 muudus
1547 1069 1671 1134 transiet,
1683 1078 1814 1124 eteuoeu·

1025 1158 1154 1228 piscantia
1168 1157 1236 1228 ejus.
1253 1157 1302 1226 Qui
1328 1169 1417 1214 autem
1445 1159 1540 1216 fecerit
1563 1159 1731 1215 voluntatem
1759 1159 1814 1226 oet,

1025 1259 1115 1306 manet
1129 1250 1156 1304 iu
1169 1260 1318 1317 aeteruum,
1332 1250 1452 1307 sicutille
1466 1260 1557 1307 manet
1573 1253 1751 1308 irrarteruttm.
1766 1250 1814 1306 tus

1025 1355 1088 1411 ergo
1101 1340 1210 1397 dileetio
1220 1341 1332 1409 muudi,
1346 1337 1407 1412 guae
1429 1342 1608 1399 universalem
1626 1343 1653 1398 iu
1671 1358 1703 1400 se
1717 1357 1812 1399 conco

1026 1435 1183 1503 piscendam
1197 1435 1318 1489 eontinet
1335 1433 1438 1500 mnndi,
1455 1434 1590 1506 generalis
1603 1443 1647 1491 est
1666 1434 1815 1506 fornicatio,

1025 1539 1077 1596 qua
1094 1525 1256 1594 peccatorio
1269 1538 1368 1593 corpus
1389 1523 1538 1593 proprium,
1561 1538 1594 1580 eo
1610 1523 1682 1593 quod
1696 1524 1818 1579 omnibns

1025 1619 1210 1689 corporalibus
1222 1617 1416 1683 etrisibiiibus,
1424 1627 1454 1674 et
1463 1617 1657 1688 temporalibus
1669 1616 1815 1681 desideriis,

1029 1720 1056 1766 et
1069 1707 1251 1780 uoluptatibus
1277 1708 1402 1765 humanis
1422 1709 1604 1765 indesinenter
1618 1708 1704 1764 serait
1718 1709 1817 1763 animes

184 1824 280 1864 manus
294 1808 397 1863 animos
417 1807 533 1862 trabitur
555 1814 635 1876 atque
655 1805 823 1873 distrahitur,
844 1798 975 1860 ercamrao
991 1804 1013 1863 tt
1027 1802 1060 1856 ab
1075 1802 1133 1873 ipso
1147 1800 1277 1858 creatore
1297 1800 1484 1857 universorum
1499 1799 1639 1857 desolatus
1652 1810 1735 1873 atque
1745 1801 1818 1857 ders

186 1900 307 1954 sert-iens
333 1900 420 1967 potius
446 1913 524 1966 qnam
541 1897 672 1963 Creatori,
693 1896 738 1966 qui
753 1908 795 1951 est
819 1896 976 1951 benedictus

186 1991 340 2046 insaecula.
368 1989 413 2046 Sic
436 1998 654 2059 ammonentem
674 1988 738 2042 nribi
765 1987 877 2053 ridetur,
902 1989 976 2043 safra

185 2082 254 2149 lide,
284 2079 393 2150 intelligi
418 2089 523 2148 potest,
548 2079 688 2148 utriusque
716 2077 899 2134 iortdcatiouis
919 2094 975 2132 utn-

186 2174 252 2241 lum,
269 2181 321 2227 tam
334 2173 459 2242 specialis
470 2187 548 2241 otram
564 2171 733 2236 uniuersalis,
755 2171 781 2225 iu
797 2172 848 2226 boc
865 2187 918 2226 urro
931 2186 976 2226 ca·

186 2263 345 2334 pitulotanti
358 2273 385 2318 et
406 2272 460 2316 tam
485 2263 574 2331 magni
592 2260 727 2330 Ductoris,
743 2263 787 2316 ttbi
813 2262 850 2317 ait
867 2280 873 2315 :
889 2262 976 2319 Omne

186 2364 323 2423 peccatum
334 2353 510 2422 quodeunque
522 2351 617 2406 fecerit
630 2351 720 2415 lrouto,
732 2360 806 2406 extra
816 2361 975 2428 eorposest;

186 2447 231 2514 qui
245 2456 334 2499 atatem
353 2444 515 2510 fornicatur,
528 2443 553 2496 iu
577 2458 674 2512 eorpus
691 2446 828 2512 proprium
858 2454 972 2512 peccaut:

187 2543 216 2589 ut
230 2534 455 2605 antexaggeratiu
474 2533 542 2588 fracta
557 2534 592 2589 sit
606 2534 640 2588 ab
664 2532 794 2603 dpostulo
820 2534 899 2602 itarius
913 2549 976 2605 spe-

187 2625 263 2681 cialis
279 2625 476 2690 lorraicatiouis,
489 2642 540 2695 spara
555 2628 580 2680 in
594 2639 693 2696 eorpus
709 2627 843 2695 proprium
872 2626 976 2696 pcccati

185 2729 258 2775 recte
270 2719 439 2789 intelligitur,
455 2719 515 2790 quia
532 2733 662 2788 nusquam
676 2719 715 2774 sic
733 2727 804 2774 totus
823 2719 903 2774 fronto
916 2735 977 2774 cnr·

186 2814 258 2880 poris
281 2811 364 2879 ipsius
379 2811 508 2880 uoluptati
524 2809 668 2876 addicitur,
689 2820 716 2865 et
733 2809 913 2874 itrelfabiliter,
934 2809 977 2866 vei

186 2901 388 2969 inevitabiliter,
401 2902 530 2974 alligitur,
540 2914 569 2958 ut
580 2903 606 2957 iu
618 2917 687 2969 cotug
697 2901 977 2971 arationehujustanti

186 2995 250 3049 mali
271 3005 367 3052 catera
387 3005 494 3064 peccata
517 3005 592 3051 satra
619 3009 719 3066 eorpus
743 3009 804 3050 esse
821 2993 976 3062 rideantur,

185 3087 291 3145 etiamsi
308 3104 356 3156 per
371 3104 469 3159 corpus
483 3096 670 3146 exerceantur.
686 3087 917 3157 Quemadmodum
933 3102 977 3143 su·

1028 1897 1119 1952 lictus.

1267 1965 1380 2025 cteur
1398 1964 1574 2022 cccxxxii.

1311 2057 1351 2113 tte
1363 2059 1468 2113 scientio
1480 2055 1539 2112 urs.
1637 2073 1641 2080 ·

1060 2170 1148 2226 θιιιιιο
1171 2169 1333 2240 praeteritum
1356 2171 1411 2239 jam
1437 2183 1489 2224 uon
1513 2176 1576 2233 est;
1601 2180 1684 2221 omne
1708 2164 1820 2220 mtnrnn

1028 2263 1145 2317 nottdum
1161 2272 1217 2330 est;
1233 2275 1313 2318 ornus
1330 2261 1411 2332 igitur
1425 2270 1452 2317 et
1466 2258 1642 2331 preteritum,
1655 2267 1686 2312 et
1707 2257 1820 2312 fumrum

1027 2355 1113 2411 deust.
1135 2356 1211 2427 Apud
1234 2355 1317 2412 Deum
1336 2365 1424 2411 autem
1447 2353 1514 2409 nitati
1534 2352 1631 2425 deesse
1651 2351 1764 2423 [deest],
1777 2367 1822 2408 oss

1030 2447 1193 2516 praeteritum
1209 2445 1299 2517 igitur,
1323 2460 1374 2502 nee
1397 2445 1529 2511 futurum,
1545 2443 1594 2500 sed
1609 2456 1692 2498 omue
1707 2457 1824 2512 pratseus

1029 2548 1070 2594 est
1083 2537 1153 2609 apud
1167 2536 1264 2592 Deum.

1307 2626 1346 2683 De
1360 2628 1426 2682 friuu
1442 2627 1542 2682 uirtute.

1063 2719 1149 2774 Omne
1176 2719 1248 2791 quod
1274 2729 1333 2785 est,
1360 2719 1431 2774 aliud
1456 2729 1497 2774 est
1522 2733 1575 2790 quo
1602 2726 1727 2787 ωιιςιιις
1753 2719 1825 2774 aliud

1027 2827 1081 2884 qno
1097 2812 1272 2878 disceruitur;
1286 2810 1357 2866 aliud
1373 2826 1426 2881 quo
1440 2811 1573 2882 eougmit.
1598 2809 1730 2868 Universa
1747 2813 1825 2883 igitar

1028 2914 1151 2963 ereatura
1166 2906 1188 2961 si
1203 2908 1285 2961 etesi
1300 2919 1407 2976 quoquae
1422 2905 1503 2959 modo
1515 2913 1543 2960 et
1555 2905 1590 2959 ab
1603 2917 1637 2961 eo
1653 2906 1724 2974 quud
1738 2902 1823 2961 burul-

1029 3014 1064 3053 uo
1076 2998 1141 3055 nibil
1155 3009 1197 3054 est
1211 2997 1353 3068 plurimum
1369 2997 1460 3066 distat,
1474 3006 1500 3053 et
1513 2998 1567 3053 sois
1582 2997 1704 3068 partibus
1717 2997 1824 3054 sibimet

1029 3094 1161 3163 congruit.
1174 3091 1289 3147 Causam
1314 3105 1419 3161 quoque
1436 3090 1494 3161 rjus
1510 3091 1606 3145 trinam
1626 3105 1688 3147 esse
1707 3100 1821 3162 oportet,

187 3180 239 3236 lius
263 3183 447 3239 fornicatiouis
470 3184 510 3239 sis
525 3185 646 3254 quaedam
669 3185 821 3253 imperiose
848 3183 976 3250 libidinis,
993 3176 1016 3240 C
1031 3199 1082 3255 qua
1096 3184 1141 3251 sit,
1155 3198 1207 3253 tpua
1222 3183 1394 3253 laesisque
1408 3183 1459 3237 sibi
1473 3184 1557 3237 amica
1571 3178 1823 3237 sisennas-ano

186 3271 331 3327 conditioni
354 3287 410 3328 suaa
425 3273 525 3338 subdit,
543 3274 733 3345 propriumque
753 3275 834 3347 ipsius
854 3276 977 3345 corporis

188 3362 350 3431 rnarrcipium
365 3363 510 3432 pessimum
525 3363 598 3431 lacit,
614 3375 736 3434 tempore
756 3367 872 3421 maxime
894 3365 976 3436 ipsius

186 3449 588 3520 immundissimaeoperationis,
604 3464 634 3508 ut
644 3455 715 3509 aliud
726 3455 789 3527 qtrid
802 3458 976 3525 praeterquod

187 3539 241 3608 agit
254 3538 352 3608 inipso
365 3554 481 3610 corpore
502 3557 555 3596 uon
578 3543 613 3597 sit
629 3543 742 3598 liberum
756 3545 880 3598 humanae
895 3547 977 3602 tricoli

187 3631 230 3686 sel
244 3630 362 3700 cogitare
377 3631 419 3686 sei
433 3632 581 3689 intendere.
598 3632 625 3689 Si
635 3644 723 3690 autem
735 3634 814 3690 etiam
824 3638 976 3707 pectoralem

187 3721 339 3792 significare
355 3721 437 3777 soluit
463 3724 607 3793 Apostolus
630 3724 850 3794 fontaicatinnem,
868 3740 978 3798 propter

187 3827 266 3882 qnam
287 3812 389 3868 dixisse
408 3815 547 3871 uideatur:
568 3817 654 3871 Ortinae
678 3827 817 3886 peecatum
839 3817 978 3889 quodcun-

187 3920 241 3973 que
256 3904 350 3960 iecerit
362 3906 455 3971 bomo,
467 3916 541 3962 etlra
556 3923 655 3979 corpus
666 3917 723 3976 est;
737 3910 781 3980 quui
793 3921 882 3966 autem
895 3909 978 3966 lurni·

187 4006 275 4065 cartus,
290 3997 316 4052 io
332 4012 431 4068 eorpus
446 4000 582 4070 proprium
608 4010 711 4070 peccat,
726 4003 766 4058 sic
791 4003 977 4072 accipiendum

188 4096 271 4143 estet
292 4087 511 4162 intelligendum,
532 4100 560 4146 ut
578 4091 690 4163 quisque
706 4092 768 4148 duta
785 4108 839 4152 uest
858 4095 979 4149 adhaeret

189 4179 255 4246 Deo,
269 4179 315 4249 qui
329 4180 444 4235 adltaesit
470 4183 580 4250 mundo,
595 4185 683 4238 outrtia
705 4194 793 4241 tarueu
821 4188 977 4257 temporalia

190 4271 304 4343 diligens
317 4276 557 4345 etcoucupisceus,
574 4277 669 4334 merito
686 4278 819 4348 incorpus
839 4280 977 4350 proprium

1030 3287 1083 3330 teau
1095 3288 1214 3342 causam,
1230 3274 1255 3329 id
1271 3284 1311 3329 est
1325 3283 1461 3329 auctorem
1477 3272 1560 3328 Deum
1575 3273 1701 3328 dicimus.
1714 3273 1823 3344 oportet

1029 3383 1092 3437 ergo
1117 3381 1177 3422 esse
1201 3364 1357 3431 trinitatem,
1382 3380 1432 3435 qna
1455 3364 1519 3419 nibil
1541 3364 1722 3432 prestantius,
1747 3363 1823 3421 intel·

1030 3461 1154 3530 ligentius
1175 3467 1203 3514 et
1225 3457 1329 3513 beatius
1348 3457 1469 3512 iuvenire
1490 3456 1608 3526 perlecta
1631 3455 1701 3511 ratio
1723 3465 1822 3528 potsse

1029 3550 1144 3621 ideoque
1156 3551 1237 3607 etiarn
1259 3564 1319 3605 cum
1340 3549 1439 3604 ueritas
1461 3548 1601 3618 quaritur,
1618 3549 1761 3618 plusquam
1776 3545 1820 3601 tria

1028 3660 1127 3715 garrera
1140 3645 1316 3713 questionum
1328 3658 1389 3699 esse
1402 3658 1453 3698 uun
1468 3650 1580 3713 possunt
1593 3660 1599 3695 :
1614 3649 1705 3697 utrum
1718 3640 1822 3697 omnim

1028 3737 1073 3797 sit.
1091 3747 1178 3792 utrum
1195 3737 1246 3793 lsoe
1260 3753 1294 3791 au
1309 3737 1381 3792 aliud
1396 3738 1442 3801 sit,
1457 3744 1545 3789 utrum
1559 3733 1762 3807 approbandum
1777 3733 1822 3787 im·

1030 3828 1230 3899 probandumre
1244 3827 1290 3883 sil.

1285 3917 1323 3972 fle
1337 3917 1391 3972 Deo
1405 3927 1428 3972 ct
1441 3925 1569 3973 meatum.

1065 4011 1142 4080 erod
1167 4009 1384 4067 incommutabile
1406 4017 1449 4065 est
1472 4017 1604 4065 eternum
1632 4016 1697 4073 est,
1721 4018 1823 4075 serrtper

1029 4105 1101 4158 enim
1115 4100 1235 4171 ejusdem
1248 4101 1385 4166 resedisti,
1397 4099 1467 4171 quod
1482 4109 1569 4154 autem
1583 4096 1776 4153 commutabile
1785 4105 1822 4151 est

1030 4194 1293 4264 tcurporiobuosiutu
1305 4203 1355 4256 est,
1364 4191 1495 4247 orrueuim
1505 4190 1742 4260 sempcrejusderu
1755 4187 1823 4243 roardi

1029 4297 1086 4353 est,
1111 4297 1139 4341 et
1168 4286 1228 4341 ideo
1252 4294 1380 4340 aternum
1411 4290 1484 4338 recte
1512 4295 1567 4337 uon
1596 4280 1698 4337 dieitur
1723 4297 1730 4333 :
1754 4278 1820 4350 qood

189 4377 301 4432 11111311
327 4366 442 4432 dicatur,
471 4368 497 4422 id
524 4379 576 4438 0⁵¹,
604 4370 738 4425 1111101511
753 4373 978 4442 c⁰n0¹¹tli⁵te¹¹¹iae
1029 4380 1102 4437 euim
1124 4387 1242 4435 mutatur
1256 4392 1310 4432 uon
1326 4384 1434 4442 tuanet,
1450 4373 1523 4446 quod
1536 4389 1590 4428 uuo
1605 4383 1698 4430 manet
1713 4388 1766 4429 uota
1785 4383 1820 4427 est

188 4458 289 4511 carnali
305 4458 411 4516 deutur
434 4470 462 4516 et
489 4462 611 4518 subditus
638 4462 735 4530 factus,
753 4473 878 4536 tartunam
908 4476 978 4522 totus
1029 4483 1177 4536 :eternum
1194 4469 1274 4541 idque
1295 4465 1430 4541 [ideooue]
1445 4465 1515 4522 inter
1530 4466 1682 4521 immortale
1703 4475 1731 4521 et
1745 4476 1819 4521 aeter·

188 4558 317 4602 creaturas
330 4563 423 4605 sertus
436 4550 471 4607 ab
485 4553 544 4622 ipso
556 4552 685 4608 creatore
700 4555 821 4621 ariicnns,
838 4571 885 4625 prr
901 4556 973 4612 illam
991 4555 1019 4615 D
1031 4581 1093 4618 annm
1103 4565 1224 4627 interest,
1233 4561 1303 4632 quod
1314 4575 1393 4615 omne
1403 4567 1531 4615 aeterrtnm
1543 4557 1697 4614 immortale
1707 4566 1760 4621 est,
1772 4571 1821 4611 oou

189 4638 292 4692 initium
310 4641 398 4696 omisis
424 4644 527 4711 peccati
555 4644 707 4714 superbiam
721 4663 727 4710 ;
743 4645 820 4715 cujus
843 4647 976 4718 superbiae

189 4732 293 4787 iuitium
308 4745 361 4801 est,
377 4747 405 4790 ut
419 4739 768 4809 scriptumest,apostatare
783 4757 796 4794 a
810 4741 875 4796 Deo.
892 4745 978 4810 dotto

188 4826 306 4892 grucrali
326 4826 513 4885 fornicatiouis
540 4832 610 4887 malo
625 4834 738 4905 putisque
764 4834 978 4906 alienustguod-

188 4932 294 4988 congrae
305 4920 375 4974 aliud
391 4933 528 4991 peceatum
558 4928 682 4996 partnerit,
696 4937 725 4982 ut
742 4908 830 4983 'ltoruo
844 4929 978 4998 corrupti-

188 5009 250 5064 bilis
262 5010 351 5066 aadlrnc
365 5024 392 5068 et
413 5015 543 5082 mortalis,
570 5018 719 5085 incurrere,
735 5018 785 5074 boc
813 5018 890 5075 intell
901 5031 979 5090 gatur

188 5110 263 5155 extra
278 5117 377 5173 corpus
391 5119 462 5170 esse,
478 5106 503 5162 id
518 5116 570 5175 est,
582 5121 657 5165 extra
673 5111 821 5181 corporalis
835 5120 863 5166 et
876 5120 980 5181 tempo·

190 5194 254 5249 ralis
267 5196 354 5253 orunis
367 5201 593 5269 concupiscentie
604 5203 716 5268 malum,
728 5205 847 5262 alienum
858 5221 919 5263 esse
930 5223 979 5262 ex·

190 5296 230 5342 tra
242 5303 351 5361 corpus,
368 5305 396 5347 m
412 5307 485 5362 saepe
509 5295 608 5351 dietum
633 5306 760 5355 estesse.
780 5300 980 5356 Tantummodo

189 5378 261 5434 enim
276 5384 391 5439 carnalis
403 5394 431 5440 et
442 5387 576 5455 generalis
590 5387 644 5459 93
658 5390 884 5459 concupiscentiae
895 5389 978 5455 malo,

191 5484 239 5538 per
252 5475 340 5526 oruuia
353 5475 600 5532 fornicaturauima
610 5493 625 5532 a
636 5479 703 5546 fleo,
717 5487 840 5550 taoqtuam
857 5495 980 5548 corpora·

191 5559 260 5618 libus
277 5575 305 5620 et
320 5568 510 5636 temporalibus
535 5570 677 5626 desideriis
699 5581 727 5626 et
749 5572 979 5627 delectationibus

192 5654 288 5722 illigata
300 5667 327 5713 et
338 5660 472 5730 devincta,
487 5662 512 5717 in
526 5678 624 5734 eorpus
637 5665 775 5737 proprium
789 5674 892 5733 peccat,
903 5665 980 5733 cnjus

193 5743 378 5806 uniuersaliter
405 5755 629 5824 cottenpisceutiaa
662 5756 801 5823 servieus,
825 5756 980 5812 incurvatur

1031 4673 1112 4713 orrrrre
1135 4654 1284 4710 irrrtnortale
1305 4653 1370 4709 satis
1389 4652 1522 4709 subtiliter
1544 4662 1676 4707 eternum
1697 4651 1820 4707 dieitur:

1031 4749 1091 4817 uuis
1107 4747 1158 4802 etsi
1171 4759 1278 4815 semper
1292 4743 1390 4813 aliquid
1404 4743 1485 4808 rival,
1501 4751 1590 4796 tanuen
1604 4740 1650 4813 [si]
1665 4739 1821 4796 mutabilita-

1033 4848 1085 4893 tem
1101 4837 1225 4905 patiatnr,
1241 4849 1293 4889 iton
1318 4834 1426 4902 proprie
1440 4841 1572 4887 aeteruum
1587 4830 1752 4900 appellatur,
1765 4829 1819 4902 qnia

1032 4943 1084 4985 nour
1099 4941 1206 4996 semper
1225 4925 1345 4994 eiusdem
1361 4923 1432 4979 modi
1446 4932 1505 4988 est,
1518 4922 1643 4992 quamvis
1659 4923 1820 4984 immortale,

1032 5020 1091 5091 quia
1098 5033 1205 5088 semper
1212 5017 1287 5082 visit,
1294 5015 1423 5071 rectediei
1431 5016 1649 5084 possit:uocarur
1658 5023 1821 5070 tameuaeter·

1033 5129 1095 5169 trram
1112 5112 1248 5167 interdum
1264 5109 1346 5164 etiam
1362 5109 1432 5179 quod
1453 5106 1603 5163 immortale
1616 5115 1668 5162 est
1683 5106 1750 5162 iilud
1765 5119 1821 5162 rere

1031 5206 1102 5278 quod
1127 5211 1154 5259 et
1178 5199 1354 5257 assumtionem
1377 5200 1485 5270 patitur,
1501 5207 1530 5256 et
1552 5200 1650 5254 animae
1673 5198 1820 5268 praeseutia,

1031 5311 1092 5352 curu
1108 5295 1197 5348 anima
1211 5306 1263 5347 ooo
1277 5289 1328 5357 ait,
1343 5289 1433 5345 virere
1447 5289 1556 5354 dieitur,
1572 5303 1660 5356 natue
1675 5286 1821 5345 immortale

1032 5384 1189 5450 ullomodo,
1203 5393 1231 5438 et
1243 5382 1327 5436 multo
1342 5381 1431 5435 miuus
1445 5389 1575 5435 eternum
1589 5379 1703 5452 intelligi
1717 5387 1819 5450 potest:

1031 5477 1058 5531 in
1073 5486 1173 5530 aeterno
1189 5472 1341 5546 [aeternum
1353 5471 1409 5524 siue
1422 5467 1460 5541 itt]
1474 5470 1545 5525 euim
1560 5483 1623 5526 eum
1639 5472 1748 5541 proprie
1759 5468 1822 5526 diti·

1032 5577 1181 5634 fermeque
1193 5563 1334 5633 quidquam
1350 5563 1515 5631 preteritum
1527 5561 1604 5632 qtrasi
1621 5561 1768 5626 transierit,
1780 5573 1822 5613 ne·

1032 5676 1085 5731 qrte
1099 5659 1243 5728 qttiduuam
1258 5653 1387 5721 futurarm,
1402 5654 1478 5724 quasi
1492 5653 1610 5711 trundum
1624 5654 1671 5720 sil,
1684 5654 1735 5711 setl
1749 5650 1822 5723 quil·

1032 5750 1160 5822 quidest,
1176 5744 1358 5803 tantummodo
1372 5755 1423 5802 est.
1474 5731 1478 5738 ¹
